3384 5134
1080 390 1242 465 190
1880 392 1929 443 Α
1956 398 2000 443 n
2088 394 2131 444 u
2148 397 2206 444 -ε
2230 394 2277 445 n
2300 394 2344 442 u
2376 396 2431 443 nr

1085 484 1392 591 randum
1417 540 1440 559 .
1481 486 1628 563 Fac
1657 540 1682 583 ‚
1720 512 1849 593 oro
1892 502 1961 563 te
1990 501 2065 561 et
2092 488 2393 567 obsecro
2416 544 2439 584 ‚
2475 486 2823 584 Domine,
2860 488 3063 588 quod
3090 503 3201 565 tuo

1087 608 1358 709 egregio
1387 608 1668 708 ingenio
1710 608 1958 705 decet,
1996 626 2347 711 temperes
2382 624 2459 684 et
2486 635 2817 711 reparcas
2852 623 2925 682 et
2964 610 3201 683 modi·

1081 728 1318 803 ficetis
1369 726 1732 802 desideriis
1776 730 2109 804 omnibus
2139 787 2162 827 ‚
2215 758 2395 833 quae
2422 755 2627 804 nunc
2678 730 2957 803 acriora
2990 727 3203 801 solito

1081 860 1156 921 et
1183 850 1615 948 procaciore
1645 851 1948 927 existere
1982 875 2263 927 necesse
2305 864 2415 924 est
2449 864 2624 952 post
2656 848 3155 950 apstinentiam
3178 900 3202 939 ,

1083 988 1227 1063 qua
1267 966 1662 1039 necessario
1697 968 1775 1041 in
1808 970 2133 1070 tempore
2164 992 2329 1041 usus
2358 995 2433 1042 es
2456 984 2489 1019 ἃ
2518 1022 2538 1039 .
2589 970 2917 1042 Fratrem
2946 964 3202 1036 Domi-

1079 1108 1256 1157 num
1293 1084 1519 1159 saluta
1541 1098 1562 1135 ¹
1581 1140 1606 1181 ,
1631 1112 1865 1186 quem,
1878 1086 2157 1162 saluum
2180 1087 2477 1163 habebis
2500 1143 2525 1183 ,
2550 1089 2611 1163 si
2642 1101 2722 1163 tu
2754 1085 2993 1163 saluus
3020 1083 3153 1157 eris
3182 1135 3201 1155 .

1081 1202 1266 1277 Uale
1309 1204 1620 1280 Domine
1653 1204 2068 1280 dulcissime
2106 1258 2127 1279 .

1413 1471 1559 1520 vu.
1637 1472 1828 1523 neno
1882 1469 2230 1521 Anous‘ro
2312 1470 2605 1521 nonum
2660 1470 2815 1521 neo
2850 1500 2875 1522 .

1285 1688 1602 1780 Quam-A
1653 1699 1730 1758 et
1778 1710 1999 1787 quam
2036 1700 2239 1761 uetus
2276 1686 2721 1761 familiaritas
2766 1684 2946 1759 mihi
2990 1688 3203 1757 inter·

989 1823 1000 1835 ·
1075 1806 1283 1883 cedat
1369 1834 1537 1885 cum
1605 1808 1843 1887 Gauio
1886 1806 2096 1883 Claro
2122 1864 2147 1905 .,
2202 1810 2609 1885 meminisse
2672 1824 2741 1883 te
2766 1863 2790 1901 .‚
2844 1806 3195 1899 Domine,

1069 1929 1384 2003 arbitror
1421 1984 1441 1999 .
1496 1931 1610 2003 Ita
1651 1954 1861 2031 saepe
1900 1928 1989 2003 de
2026 1956 2113 2004 eo
2150 1944 2328 2031 aput
2362 1945 2425 2005 te
2456 1958 2548 2005 ex
2592 1930 2813 2003 animi
2856 1929 3001 2001 mei
3040 1954 3197 2001 sen·

1069 2050 1292 2125 tentia
1316 2077 1478 2124 sum
1517 2048 1875 2129 fabulatus
1904 2106 1925 2123 .
1978 2050 2133 2125 Nec
2164 2052 2257 2125 ab
2296 2079 2372 2127 re
2403 2072 2553 2125 esse
2586 2064 2767 2151 puto
2804 2074 3199 2123 memorem

1065 2181 1137 2241 te
1189 2182 1428 2242 tamen
1465 2168 1853 2244 admonere
1887 2224 1908 2242 .
1962 2170 2029 2245 A
2050 2170 2291 2271 prima
2342 2184 2569 2243 aetate
2606 2197 2729 2245 sua
2766 2195 2884 2241 me
2926 2168 3199 2241 curauit

1067 2288 1346 2365 Gauius
1373 2286 1626 2363 Clarus
1661 2288 2109 2363 familiariter
2128 2340 2153 2377 ‚
2208 2312 2356 2363 non
2383 2286 2611 2361 modo
2642 2287 2733 2361 iis
2758 2286 3017 2361 officiis
3048 2286 3199 2387 qui-

1059 2406 1201 2484 bus
1229 2422 1510 2485 senator
1543 2422 1773 2483 aetate
1792 2422 1865 2483 et
1900 2406 2073 2483 loco
2096 2408 2339 2489 minor
2368 2408 2722 2483 maiorem
2748 2405 3201 2506 graduatque

1062 2542 1236 2601 natu
1269 2544 1670 2604 senatorem
1702 2526 1937 2629 probe
1968 2524 2148 2600 colit
2179 2550 2267 2598 ac
2296 2540 2750 2627 promeretur
2782 2555 2805 2619 ς
2860 2526 2989 2601 sed
3012 2552 3199 2627 pau·-

1061 2646 1273 2721 latim
1303 2648 1624 2723 amicitia
1653 2662 1900 2723 nostra
1930 2674 2019 2725 eo
2044 2647 2404 2750 prooessit
2430 2700 2453 2739 ,
2486 2662 2569 2721 ut
2600 2674 2825 2751 neque
2848 2646 3061 2721 illum
3080 2648 3197 2747 pi·-

1059 2782 1252 2867 geret
1281 2794 1506 2869 neque
1527 2792 1646 2843 me
1667 2768 1970 2869 puderet
2000 2796 2087 2845 ea
2112 2766 2325 2843 illum
2360 2766 2701 2843 oboedire
2726 2762 2765 2820 Ι)
2794 2769 2977 2845 mihi
3018 2795 3201 2869 quae

1057 2886 1352 2963 clientes
1381 2944 1404 2985 ‚
1445 2916 1626 2991 quae
1645 2888 1887 2965 liberti
1910 2888 2153 2967 fideles
2184 2915 2272 2965 ac
2306 2890 2656 2967 laboriosi
2694 2890 3138 2967 obsecuntur
3176 2924 3199 2987 ς

1056 3010 1255 3085 nulla
1279 3010 1424 3085 hoc
1459 3026 1582 3085 aut
1602 3032 1763 3085 mea
1788 3011 2168 3088 insolentia
2200 3029 2323 3088 aut
2344 3010 2539 3088 illius
2575 3010 2985 3086 adulatione
3014 3043 3037 3106 ς
3076 3012 3206 3085 sed

993 3200 998 3204 ,
1055 3144 1310 3203 mutua
1351 3130 1614 3219 caritas
1667 3144 1913 3211 nostra
1968 3144 2041 3203 et
2080 3156 2293 3203 amor
2346 3155 2554 3205 uerus
2600 3130 2874 3205 ademit
2913 3133 3203 3231 utrique

1049 3266 1382 3327 nostrum
1423 3251 1500 3323 in
1543 3248 1805 3325 officiis
1856 3248 2317 3325 moderandis
2376 3274 2671 3325 omnem
2716 3248 3197 3324 detrectatio-

1051 3395 1220 3451 nem
1253 3364 1296 3405 *
1323 3426 1342 3443 .
1367 3368 1567 3462 Quid
1591 3394 1727 3468 ego
1755 3394 2163 3447 memorem
2196 3369 2477 3467 negotia
2496 3369 2573 3441 in
2597 3368 2760 3443 foro
2784 3383 3035 3441 nostra
3056 3370 3201 3441 mi-

1229 3604 1263 3635 *
1307 3604 1409 3675 M.
1458 3603 1697 3669 Mutua
1756 3604 1991 3669 caritas
2036 3620 2258 3669 nostra
2283 3598 2371 3669 'et
2420 3625 2606 3669 amor
2666 3626 2866 3669 uerus
2938 3602 3191 3671 ademit

1042 3694 1310 3785 nti-ique
1345 3711 1649 3775 nostrum
1673 3696 1744 3761 in
1770 3694 1995 3761 officiis
2030 3694 2449 3761 moderandis
2472 3690 2887 3762 insolentiam
2908 3710 2979 3760 et
3014 3694 3189 3761 adu·

1041 3784 1359 3858 lationem
1396 3835 1414 3855 .

1143 4030 1182 4061 a
1224 4008 1347 4062 cod.
1379 4022 1481 4063 eet.
1551 4009 1582 4062 ὂ
1617 4012 1694 4065 Iu
1730 4026 1859 4063 recte
1896 3981 2083 4065 codex.

1123 4130 1144 4165 1
1195 4108 1492 4169 Videlicet
1524 4110 1601 4168 ad
1631 4109 1933 4175 uisendum
1952 4112 2071 4171 Ve-
2144 4110 2293 4169 sium
2358 4108 2767 4169 contenderat.
2816 4108 3071 4193 Capitol.
3120 4108 3189 4166 in

1032 4210 1162 4261 rum
1195 4204 1586 4274 aegrotantem
1619 4195 1849 4259 Marcus
1879 4198 2069 4256 Canu·-
2148 4193 2307 4257 vero
2342 4212 2466 4275 cap.
2504 4194 2610 4257 Vl.
2767 4196 2771 4201 ’
