3384 5134
867 480 916 527 n
947 482 969 527 1
1001 480 1034 528 s
1065 483 1111 528 τ
1143 478 1188 527 o
1217 482 1260 529 n
1288 480 1314 529 1
1346 478 1389 527 Α
1419 482 1464 529 t:
2094 458 2137 531 3
2160 480 2251 553 ¹9

83 602 322 677 neque
350 590 383 626 ⁸
413 572 754 651 aduersus
797 576 930 649 tela
965 578 1328 649 munitum
1395 574 1735 675 praebere
1772 609 1791 647 ε
1846 577 2261 679 spectandis

85 694 166 767 in
199 720 468 795 campo
495 693 854 769 militibus
884 722 1184 797 operam
1221 696 1393 770 dare
1415 750 1440 789 ,
1497 712 1568 769 et
1606 720 1857 793 aegros
1888 696 2259 772 internise-

97 847 174 891 re
205 853 228 891 ε
285 844 426 893 non
466 820 819 893 incuriose
849 845 980 919 per
1017 820 1338 897 militum
1387 818 1863 897 contubernia
1908 818 2259 913 transirer,

95 942 228 1017 sed
268 943 452 1015 forte
485 954 752 1015 temere
786 944 1138 1041 Syrorum
1181 941 1572 1018 munditias
1609 940 2081 1041 introspicere
2114 957 2195 1011 et
2223 932 2265 989 Ι)

95 1066 640 1140 Pannoniorum
691 1064 1060 1143 inscitiam
1116 1064 1206 1137 de
1260 1061 1476 1151 cultu,
1507 1062 1855 1161 cuiusque
1894 1060 2257 1159 ingenium

103 1183 486 1262 arbitrari.
565 1184 738 1256 Sero
804 1184 960 1284 ipse
1013 1196 1188 1285 post
1224 1182 1462 1257 decisa
1525 1183 1807 1279 negotia
1848 1180 2123 1256 ¹lauarc'
2178 1191 2209 1227 ⁶
2241 1211 2261 1249 ε

99 1331 344 1377 mensa
375 1302 622 1377 sobria
650 1358 673 1397 .‚
727 1304 932 1381 uictu
964 1303 1040 1381 in
1073 1301 1325 1379 castris
1363 1302 1650 1405 plebeio
1679 1336 1699 1373 ε
1760 1304 2011 1381 uinum
2048 1300 2204 1373 loci
2234 1355 2257 1394 ,

99 1450 366 1523 aquam
403 1423 752 1522 temporis
821 1424 1065 1506 bibere
1093 1458 1120 1495 ι
1167 1426 1486 1527 primam
1524 1422 1845 1521 uigiliam
1896 1420 2105 1496 facile
2140 1422 2260 1493 ui·-

104 1544 370 1639 gilare,
426 1559 878 1647 postremam
917 1543 1348 1623 iamdudum
1399 1544 1805 1649 expergitus
1834 1544 2151 1643 opperiri
2184 1534 2267 1612 d:

112 1662 358 1742 labore
409 1661 684 1759 magi8‚
719 1687 967 1763 -quam
1023 1664 1173 1738 otio
1213 1662 1507 1757 laetar13
1570 1664 1721 1736 otio
1788 1662 1881 1735 ad
1936 1662 2267 1737 laborem

109 1782 356 1857 abuti=
411 1806 636 1862 uacua
697 1782 1133 1859 militaribus
1176 1794 1509 1883 tempora
1565 1780 1901 1861 ciuilibus.
1960 1781 2264 1884 negotiis

111 1930 468 2005 occupare
501 1959 519 1974 .
579 1904 663 1982 In
701 1904 1037 2004 paenuria
1081 1904 1312 1976 subita
1347 1903 1568 1983 ramis
1601 1928 2157 2001 nonnumquam
2196 1912 2271 1971 et

114 2023 494 2096 frondibus
525 2048 664 2122 pro
705 2021 1145 2122 supellectile
1187 2050 1356 2095 usus
1387 2038 1495 2096 est
1522 2080 1544 2117 .‚
1603 2024 1999 2122 caespitem
2036 2021 2267 2091 inter-

113 2145 296 2219 dum
321 2158 404 2216 ut
435 2159 677 2217 torum
717 2144 1066 2216 incubans
1100 2200 1117 2214 .
1175 2146 1529 2219 Somnum
1558 2145 1754 2245 cepit
1776 2143 2027 2224 labore
2058 2167 2271 2240 para·

119 2282 330 2357 tum,
405 2292 551 2339 non
613 2265 897 2339 silentio
952 2267 1404 2366 quaesitum.
1461 2268 1816 2343 Grauiora
1868 2258 2269 2367 [de]mum

113 2412 444 2485 peruerse
467 2386 656 2465 facta
682 2411 918 2467 seuere
943 2385 1450 2464 animaduertit
1476 2442 1499 2481 .‚
1557 2386 1829 2461 leuiora
1850 2386 2083 2459 sciens
2122 2382 2278 2455 dis-

117 2506 534 2589 simulauit=
584 2505 837 2587 locum
888 2509 1298 2609 paenitendi
1363 2508 1699 2615 reliquit.
1754 2509 1951 2585 Nam
2006 2504 2277 2579 delicta

117 2654 244 2699 sua
301 2626 626 2728 plerique
654 2684 678 2722 .,
734 2626 914 2711 dum
971 2630 1284 2729 ignorari
1321 2643 1584 2733 putant
1609 2686 1632 2725 .,
1671 2632 2090 2727 corrigunt3
2144 2624 2276 2699 ubi

121 2748 502 2821 manifesta
533 2749 768 2823 sciunt
791 2804 812 2838 ‚
863 2750 1286 2849 inpudentia
1322 2751 1805 2835 obfirmantur
1832 2764 1867 2813 ²
1898 2806 1915 2821 .
1956 2807 1973 2821 .
2011 2805 2031 2822 .
2064 2804 2083 2819 .
2120 2771 2279 2819 cer·-

129 2868 420 2941 tamiuis
458 2924 474 2947 ‚
536 2926 554 2940 .
615 2926 632 2944 .
663 2864 1190 2979 necessita[tis]
1225 2926 1242 2943 .
1301 2928 1320 2953 ,
1380 2926 1400 2951 .
1437 2872 1662 2957 uisset
1690 2871 2113 2975 prouidere:
2151 2892 2282 2967 per

128 3002 242 3059 tot
285 2986 700 3085 prouincias
727 3044 750 3081 ,
810 3002 920 3063 tot
983 2989 1452 3089 opsidionum
1481 3046 1504 3085 .,
1560 2991 2013 3090 proeliorum
2078 2988 2275 3063 acri-

121 3134 250 3179 um
277 3118 308 3154 θ
338 3162 362 3201 ‚
417 3108 812 3191 stationum
844 3164 867 3203 .,
925 3106 1389 3182 castellorum
1426 3108 2000 3183 excidendorum
2034 3116 2283 3206 aperta

131 3228 592 3321 discrimina,
647 3257 856 3313 curas
899 3246 972 3311 et
1031 3237 1356 3313 animum
1393 3230 1795 3333 dispergere
1832 3255 1979 3302 non
2016 3282 2035 3298 .
2096 3281 2114 3297 .
2148 3224 2285 3297 du-

130 3375 296 3423 cem
331 3353 622 3429 tametsi
661 3410 678 3425 .
738 3410 754 3433 ‚
819 3410 836 3425 .
895 3410 912 3429 .
941 3377 1118 3458 pone
1153 3364 1176 3423 .’
1231 3406 1250 3421 .
1287 3378 1467 3423 num
1499 3350 1981 3423 consentirem
2016 3402 2035 3418 .
2081 3402 2097 3416 .
2126 3339 2167 3378 *
2196 3398 2215 3415 .
2257 3366 2283 3383 ·

2242 3496 2283 3516 «-

249 3580 284 3611 ⁴⁸
329 3578 433 3646 M.
482 3582 580 3646 De
617 3577 876 3671 legibus
921 3570 1272 3689 [amoris]
1351 3594 1354 3597 ’

2030 3710 2285 3727 ’ᾖ

195 3823 232 3853 a
271 3801 390 3851 Heie
441 3796 644 3848 uidebat
703 3794 822 3845 mihi
874 3795 1034 3865 legere
1073 3794 1414 3859 interpositum
1457 3810 1510 3843 se
1527 3812 1544 3853 3
1578 3788 1715 3861 (3qu
1750 3798 1787 3845 oi
1834 3796 1899 3848 ita
1944 3784 2045 3853 e'st,
2090 3814 2281 3849 muta„

121 3890 322 3945 oportet
355 3868 406 3920 in
441 3868 842 3936 praecedentibus
884 3866 1357 3935 interpunctionem.
1430 3864 1460 3915 b
1496 3862 1642 3915 Addo
1679 3877 1729 3913 et
1769 3905 1783 3919 .
1853 3883 1882 3914 c
1919 3866 2039 3917 cod.
2080 3868 2288 3920 uideba-

125 3966 214 4002 tur
249 3946 432 3994 hebere
458 3942 601 3992 lauat
636 3952 684 3989 et
705 3973 720 3990 .
787 3938 826 3987 d
861 3940 981 3988 Cod.
1020 3938 1200 4007 operiri
1217 3972 1233 3997 ,
1279 3952 1331 3987 ut
1357 3954 1409 4005 p.
1449 3937 1568 3986 260.
1637 3955 1666 3986 e
1706 3938 1779 3989 Ita
1815 3938 1925 3991 eod.
1964 3936 2048 3991 ted
2088 3938 2169 3989 dic
2206 3952 2291 3991 αι·-

121 4023 300 4077 cium,
337 4014 612 4081 praeposite
657 4012 1054 4077 interpunctione
1078 4044 1093 4059 .

123 4152 250 4209 hoe
285 4160 402 4214 est,
441 4134 1172 4219 obseruante'Hiex-onymo
1347 4159 1366 4195 ι
1421 4138 1503 4195 Ex
1535 4136 1777 4196 Horatio
1814 4136 1981 4215 epist.
2010 4138 2057 4194 1.
2100 4160 2151 4221 7.
2188 4136 2289 4224 59,

129 4252 343 4302 comm.
381 4230 440 4295 in
460 4226 664 4291 Matth.
698 4229 740 4284 1.
781 4248 868 4286 ιο.
916 4247 1006 4293 ιο.
1338 4240 1371 4283 2
1417 4220 1516 4289 Sic
1550 4222 1632 4288 ait
1673 4221 1786 4287 Dio
1820 4242 1927 4287 mx,
1967 4222 2062 4301 54,
