3384 5134
1092 456 1232 551 104
1403 472 1409 477 '
1674 475 2576 528 Ao·M³cAnsAnzm

968 560 993 573 μ
1070 558 1785 684 perfrictiunculanr⁷
1843 600 2022 673 quae
2075 572 2366 646 uidetur
2420 570 2664 645 sedata
2697 594 2844 645 esse
2879 626 2900 641 .
2947 572 3142 669 Ergo
3177 562 3216 600 *

1075 696 1169 769 ab
1220 693 1600 767 undecima
1642 694 1881 766 noctis
1925 694 1998 765 in
2028 695 2309 767 tertiam
2343 692 2486 767 diei
2509 691 2784 793 partim
2813 690 2954 788 legi
2993 718 3088 763 ex
3137 717 3220 761 a-

1075 813 1467 912 gricultura
1500 811 1800 885 Catonis
1825 866 1848 907 ⁷
1876 812 2148 911 partim
2171 812 2471 911 scripsi3
2509 812 2787 906 minuS,
2829 810 3163 898 miserere
3197 860 3222 901 ‚

1072 924 1484 1006 mehercule
1502 946 1531 979 ἢ
1550 958 1774 1033 quam
1804 932 1998 1004 heri.
2037 933 2213 1007 Inde
2245 935 2553 1007 salutato
2579 945 2786 1034 patre
2819 956 3014 1026 meo,
3041 957 3228 1031 aqua

1078 1054 1313 1129 mulsa
1337 1054 1699 1129 sorbendo
1735 1048 1774 1105 b
1793 1082 2016 1155 usque
2053 1054 2146 1127 ad
2179 1054 2422 1153 gulam
2457 1068 2528 1127 et
2555 1052 2962 1127 reiectanda
2993 1053 3232 1129 fauces

1078 1174 1230 1246 foui
1262 1175 1507 1273 potius
1544 1200 1768 1272 quam
1804 1171 2120 1247 dicerem
2148 1174 2664 1272 gargarissabic
2686 1207 2706 1245 ε
2751 1198 2922 1244 nam
2965 1186 3040 1245 et
3071 1170 3168 1243 ad
3189 1160 3232 1215 d

1082 1292 1407 1365 Nouium
1464 1292 1685 1365 credo
1727 1340 1750 1387 ⁷·
1805 1308 1880 1366 et
1909 1294 2084 1369 alibi
2121 1348 2140 1366 .
2183 1294 2324 1367 Sed
2377 1293 2706 1367 faucibus
2747 1294 3012 1366 curatis
3087 1290 3234 1362 abii

1076 1409 1171 1482 ad
1194 1428 1477 1511 patrem
1504 1437 1754 1487 meum
1783 1428 1854 1489 et
1877 1414 2290 1489 immolanti
2317 1416 2562 1489 adstiti
2585 1428 2604 1463 ¹
2627 1471 2645 1485 .
2675 1406 2946 1487 Deinde
2967 1412 3061 1485 ad
3081 1437 3231 1503 me-

1074 1529 1373 1603 rendam
1407 1532 1593 1605 itum
1631 1588 1649 1605 .
1680 1534 1881 1625 Quid
1923 1560 2040 1609 me
2077 1559 2317 1617 censes
2350 1534 2722 1635 prandisse
2745 1524 2786 1605 ’ἓ
2829 1530 3038 1633 panis
3072 1544 3232 1601 tan-

1075 1649 1311 1725 tulum
1332 1685 1352 1746 ς
1385 1677 1555 1726 cum
1578 1655 1924 1727 couchim
1947 1666 1978 1702 θ
2005 1681 2258 1759 caepas
2279 1670 2352 1729 et
2377 1680 2664 1729 maenas
2689 1652 2864 1725 bene
2887 1674 3231 1751 praegna-

1074 1772 1165 1843 tis
1204 1771 1382 1845 alios
1412 1773 1736 1846 uorantis
1773 1774 2131 1849 uiderem.
2171 1774 2446 1875 Deinde
2479 1775 2637 1848 uuis
2663 1768 3009 1851 metendis
3053 1796 3229 1869 ope·-

1071 1920 1229 1967 ram
1264 1894 1594 1971 dedimus
1620 1952 1641 1991 .‚
1686 1914 1762 1971 et
1795 1898 2361 1973 consudabimus
2389 1892 2418 1949 s
2443 1912 2518 1971 et
2542 1896 3008 1969 iuuilauimus
3043 1902 3080 1957 8
3099 1948 3122 1984 ‚
3157 1906 3230 1963 et

1074 2013 1379 2113 aliquot,
1406 2033 1487 2090 ut
1510 2018 1613 2091 ait
1638 2035 1896 2092 auctor
1912 2032 1944 2069 2
1973 2020 2390 2121 reliquimus
2411 2017 2897 2119 altipendulos
2923 2006 2960 2062 h
2981 2012 3231 2085 uinde-

1069 2131 1264 2207 miae
1285 2137 1700 2234 superstites
1720 2196 1738 2210 .
1763 2136 1882 2213 Ab
1909 2138 2090 2211 hora
2114 2154 2306 2213 sexta
2333 2139 2641 2214 domum
2667 2136 2982 2211 redimus
3006 2168 3024 2205 ε
3050 2160 3230 2235 pau-

1024 2288 1032 2297 ·
1066 2250 1298 2324 lulum
1346 2254 1591 2327 studui
1629 2310 1652 2349 ,
1713 2268 1924 2356 atque
1959 2256 2035 2328 id
2083 2258 2411 2356 ineptum
2449 2313 2468 2329 .
2531 2256 2806 2329 Deinde
2841 2280 3013 2329 cum
3057 2277 3222 2323 ma·-

1068 2372 1341 2446 tercula
1376 2368 1419 2409 *
1456 2402 1617 2448 mea
1652 2399 1870 2474 supra
1903 2390 2147 2449 torum
2187 2376 2472 2449 sedente
2521 2374 2838 2463 multum
2873 2360 3174 2471 garriuii
3209 2419 3228 2437 .

1070 2495 1269 2567 Meus
1323 2520 1563 2569 sermo
1622 2495 1746 2567 hic
1799 2509 2006 2570 erat:
2053 2495 2231 2595 quid
2271 2497 2642 2571 existimas
2695 2495 2926 2569 modo
2979 2514 3228 2564 meum

1070 2612 1519 2689 Frontonem
1558 2616 1788 2689 facere
1821 2610 1863 2691 ⁶?
1903 2621 2095 2691 Tum
2131 2616 2256 2689 illa
2291 2673 2312 2711 ,
2374 2619 2554 2718 quid
2599 2633 2842 2692 autem
2874 2633 2953 2691 tu
2983 2642 3228 2689 meam

1076 2720 1405 2803 Gratiam
1448 2726 1489 2805 ?
1548 2735 1742 2807 Tum
1793 2760 1922 2833 ego
1956 2792 1978 2831 ‚
2022 2735 2200 2835 quid
2251 2750 2492 2809 autem
2527 2734 2976 2837 paserculam
3007 2734 3044 2790 k
3084 2759 3226 2805 no·-

1084 2862 1307 2922 stram
1356 2855 1685 2927 Gratiam
1721 2856 2207 2928 minusculam
2241 2849 2282 2929 ’.Ρ
2319 2856 2514 2929 Dum
2551 2884 2634 2928 ea
2674 2855 3076 2929 fabulamur
3123 2867 3231 2925 at-

1074 2994 1212 3067 que
1250 2971 1684 3051 altercamur
1717 3032 1740 3070 .,
1809 2991 1970 3049 utel·
2015 2975 2320 3051 alterum
2371 2992 2690 3051 uestrum
2745 2976 2968 3073 magis
3025 3001 3228 3047 ama-

1071 3106 1217 3187 ret,
1250 3094 1489 3168 discus
1516 3098 1826 3196 crepuit,
1855 3098 1934 3169 id
1954 3112 2064 3171 est
2084 3114 2504 3199 patermeus
2531 3099 2604 3169 in
2627 3098 2965 3171 balneum
2997 3110 3234 3167 trans-

1237 3318 1269 3347 ⁴
1318 3312 1418 3381 .M.
1474 3318 1549 3379 In
1590 3300 1724 3382 alio
1763 3342 1883 3409 ego
1910 3368 1925 3383 .

1232 3410 1263 3436 ⁸
1302 3408 1411 3503 ‘M
1467 3409 1547 3471 In
1592 3407 1724 3474 alio
1777 3408 2156 3477 matercella
2197 3461 2212 3477 .

1141 3644 1177 3673 α
1214 3624 1289 3672 Ita
1329 3639 1374 3669 α.
1416 3640 1602 3685 manu3
1638 3641 1687 3675 at
1731 3642 1771 3676 1.
1807 3628 2018 3679 mercule
2041 3664 2054 3678 .
2125 3629 2156 3681 b
2194 3632 2268 3680 Ita
2295 3630 2415 3679 cod.
2463 3646 2511 3677 a.
2549 3648 2735 3693 manu3
2771 3644 2821 3681 ut
2857 3648 2896 3679 1.
2939 3632 3224 3699 sorbemd0;

1072 3714 1121 3745 m
1158 3712 1249 3758 pro
1282 3712 1347 3751 n,
1388 3708 1441 3741 ut
1477 3697 1527 3743 in
1567 3696 1668 3745 aliis
1706 3700 1850 3748 codd.
1922 3720 1951 3750 c
1989 3703 2061 3751 Ita
2095 3700 2203 3749 cod.
2273 3702 2310 3749 d
2343 3700 2422 3750 Acl
2441 3718 2530 3767 pro
2547 3700 2717 3770 apud.
2793 3720 2818 3748 e
2855 3704 2968 3753 Vox
2993 3703 3112 3755 haec
3147 3726 3226 3757 re—

1070 3770 1257 3835 petitur
1290 3766 1341 3812 in
1368 3767 1583 3833 margine
1612 3784 1666 3816 ut
1697 3772 1953 3823 notabilis.
2023 3768 2061 3837 f
2085 3776 2154 3821 lta
2191 3771 2302 3821 cod.
2373 3790 2412 3839 g
2447 3770 2565 3821 cod.
2608 3786 2653 3823 2.
2685 3791 2836 3823 manu
2870 3775 3192 3827 inbellauc'mus
3213 3816 3228 3828 .

1070 3838 1105 3885 7²
1141 3835 1259 3885 Cod·
1294 3834 1623 3901 “hfp‘dstsosi
1654 3853 1760 3887 tum
1795 3843 1962 3892 eadem
1995 3861 2170 3893 manus
2207 3840 2538 3909 superaddidit
2569 3863 2638 3894 n.
2707 3848 2728 3892 a·
2771 3846 2830 3894 In
2865 3850 3078 3917 margine
3141 3850 3224 3897 ubi

1072 3911 1307 3977 repetitur
1328 3909 1584 3965 sententia,
1608 3910 1840 3961 scribitur
1876 3916 2124 3982 gar-rani.
2197 3912 2324 3986 sslta
2341 3912 2452 3965 cod.
2486 3930 2602 3963 cum
2643 3918 2785 3967 unica
2819 3936 2843 3967 s
2867 3946 2880 3960 .

1150 4040 1165 4073 ι
1222 4015 1498 4071 Antonini
1537 4019 1622 4073 Pii
1649 4034 1815 4097 typus
1837 4024 1910 4078 ad
1938 4044 2094 4079 aram
2179 4034 2262 4077 tat
2283 4042 2398 4078 non
2419 4042 2532 4079 uuo
2551 4024 2608 4078 in
2629 4025 2971 4081 numismate
2993 4027 3227 4083 maximi

1058 4098 1432 4155 sacrificantis
1508 4099 1567 4155 in
1626 4122 1729 4159 suo
1797 4104 2096 4173 consulatu
2178 4105 2398 4163 moduli
2437 4104 2574 4164 olim
2611 4105 3002 4165 bibliothecae
3035 4122 3150 4165 uat.

1058 4196 1263 4255 quarto
1300 4202 1425 4238 cum
1466 4186 1656 4241 Marco
1694 4184 1900 4243 iterum
1941 4196 1964 4255 (
1999 4188 2097 4263 qui
2266 4208 2297 4245 α
2349 4191 2500 4247 Num
2523 4190 2929 4271 Nouiuspaulo
2965 4204 3098 4251 ante
3119 4212 3230 4271 ap-

1060 4278 1183 4322 erat
1204 4285 1383 4323 annus
1404 4266 1581 4347 ipsius
1600 4270 1778 4328 Marci
1801 4278 1991 4342 xxxv)
2013 4290 2104 4330 ex·-
2179 4270 2484 4353 pellatus?
