3384 5134
777 452 870 501 An
948 441 1392 503 auronum-un
1471 448 1668 501 mim
2128 426 2267 503 261

136 546 376 623 euenit
424 558 509 618 ut
551 540 770 619 solito
813 546 1082 619 diutius
1131 544 1309 619 bene
1370 560 1398 593 ³
1444 544 1756 619 ualerem
1802 558 1875 629 et
1926 544 2133 619 fortis
2167 548 2283 619 ui·

135 692 376 767 gerem
403 700 421 736 ε
475 665 655 740 adeo
681 680 762 739 ut
785 669 1007 741 etiam
1041 666 1220 743 duas
1247 668 1654 740 amicorum
1689 690 1933 738 causas
1972 692 2115 738 non
2141 665 2280 739 mi-

131 786 316 857 nimi
352 782 624 857 laboris
653 788 827 887 aput
851 779 888 835 b
925 801 990 859 te
1026 799 1294 859 tutatus
1328 786 1468 863 sim
1497 842 1514 855 .
1544 783 1817 881 Ingruit
1840 782 2095 857 deinde
2122 800 2283 857 tan-

133 918 208 977 ta
273 904 386 975 uis
439 902 864 978 ualetudinis
886 959 907 995 ‚
961 930 1141 1005 quae
1191 904 1396 1007 *mihi
1453 902 1861 978 ostenderet
1885 959 1910 1000 ‚
1982 929 2280 981 omnem

141 1048 355 1124 spem
393 1021 600 1097 illam
636 1028 1216 1125 inritamfuisse
1259 1078 1277 1094 .
1335 1078 1358 1095 .
1411 1074 1434 1095 .
1471 1036 1502 1073 ⁰

285 1288 513 1337 vnn.
568 1262 1016 1363 (inomao
1065 1292 1196 1342 1³10
1256 1290 1600 1371 ,mous-ro
1655 1290 1961 1340 ‘raon'ro
2000 1276 2021 1310 ¹
2064 1262 2147 1365 .)

349 1558 372 1577 .
433 1555 454 1575 .
512 1556 532 1576 .
572 1506 1002 1582 Amicorum
1045 1532 1379 1583 meorum
1412 1505 1582 1580 fecit
1617 1504 1973 1583 modestia
2015 1498 2285 1604 nequid

137 1624 454 1725 inprobe
483 1642 807 1727 peterem
835 1622 873 1677 d
913 1680 1248 1701 .....
1390 1648 1395 1651 ’
1653 1626 1662 1633 ’

135 1743 424 1841 Equitis
475 1747 763 1819 romani
793 1748 1014 1821 unius
1077 1743 1604 1820 contubernalis
1653 1742 1801 1816 r'nei
1841 1744 2062 1815 Sextii
2101 1741 2279 1817 Cal-

135 1860 356 1965 purni
387 1872 419 1911 ²
447 1862 867 1961 dignitatem
905 1880 1157 1967 rogatu
1211 1887 1377 1937 meo
1421 1864 1785 1937 exornasti
1824 1860 2095 1937 duabus
2128 1864 2281 1935 iam

133 1980 772 2079 procurationibus
797 1983 983 2058 datis
1012 2040 1029 2055 .
1055 1987 1159 2057 Ea
1189 2010 1319 2081 ego
1350 1980 1656 2055 duarum
1687 1982 2283 2081 procurationum

136 2098 486 2185 beneficia
539 2118 786 2202 quater
851 2130 1206 2205 numer-03
1261 2103 1374 2175 bis
1437 2126 1606 2174 cum
1661 2100 1921 2175 dedisti
2004 2128 2288 2202 procu-

139 2216 456 2291 rationes
490 2274 516 2313 ⁷
570 2220 881 2321 itemque
936 2225 1050 2298 bis
1117 2248 1288 2296 cum
1339 2220 1833 2295 excusationes
1908 2223 2240 2321 recepisti
2268 2260 2307 2296 .-

143 2334 568 2435 Supplicaui
643 2342 776 2415 tibi
849 2344 994 2416 iam
1081 2367 1212 2443 per
1287 2326 1655 2441 biennium
1734 2365 1874 2440 pro
1953 2343 2291 2442 Appiano

143 2456 392 2529 amico
462 2485 626 2534 meo
653 2517 676 2555 ⁷
738 2488 908 2535 cum
962 2490 1104 2565 quo
1173 2465 1353 2537 mihi
1405 2476 1478 2535 et
1531 2475 1739 2535 uetus
1796 2464 2239 2543 cousuetudo
2264 2516 2293 2559 ‚

141 2585 222 2645 et
287 2574 692 2670 studiorum
747 2608 914 2654 usus
964 2608 1194 2681 prope
1248 2580 1707 2683 quotidianus
1770 2580 2147 2654 intercedit
2203 2574 2239 2632 3
2273 2632 2297 2653 .

151 2690 356 2785 Quin
395 2692 630 2793 ipsum
669 2727 952 2809 quoque
1009 2718 1288 2776 certum
1334 2700 1567 2809 babeo
1616 2713 1692 2773 et
1734 2700 2111 2774 adfirmare
2162 2728 2299 2775 au·-

142 2920 180 2953 α
221 2906 298 2954 Ita
341 2906 450 2953 cod.
491 2904 652 2956 denuo
691 2904 808 2955 olim
843 2925 870 2955 a
901 2894 978 2955 me
1025 2900 1099 2954 in·
1135 2920 1271 2954 ectu·
1293 2942 1310 2957 .
1380 2903 1412 2955 b
1451 2904 1528 2955 Ita
1566 2904 1676 2957 cod.
1713 2905 1781 2953 At
1800 2904 1949 2970 paulu
1985 2920 2097 2954 ante
2118 2902 2258 2975 apud
2280 2936 2298 2954 .

143 2991 176 3021 c
213 2977 404 3059 Pagina·
422 2994 625 3045 nequem
666 2978 758 3046 legi
798 2976 968 3045 nequit
986 3012 1001 3027 .
1143 2975 1274 3025 Haec
1315 2978 1458 3027 unica
1519 2976 1750 3027 temnentia
1788 2976 1963 3045 legitur
2002 2972 2054 3024 in
2098 2975 2303 3027 oblitte-
2338 3014 2347 3023 .

145 3062 257 3096 rfltss
295 3066 475 3117 P8gln⁸
499 3080 514 3095 ο

243 3232 268 3269 1
318 3198 484 3287 Hanc
532 3213 834 3291 epistulam
873 3210 1004 3271 heic
1040 3235 1182 3273 con-—
1261 3212 1510 3272 eandam
1578 3218 1909 3274 Castricius
1975 3234 1989 3269 ε
2062 3226 2299 3291 praeter

147 3290 320 3363 loco,
354 3296 486 3371 quia
522 3309 603 3353 est
642 3298 717 3354 ad
737 3298 1180 3373 imperatorem,
1265 3316 1434 3372 quam
1470 3298 1628 3373 quod
1664 3297 1911 3375 epistula
1930 3296 2007 3352 ad
2042 3297 2301 3375 impera-

151 3379 255 3451 qui
321 3378 458 3437 mihi
529 3378 762 3435 uidetur
819 3380 954 3437 Pius
1009 3380 1193 3453 magis
1275 3392 1454 3436 torem
1473 3378 1633 3437 haud
1651 3392 1805 3437 recte
1826 3379 2210 3439 collocaretur
2235 3380 2302 3439 in

150 3480 324 3535 quam
347 3466 572 3519 Marcus
589 3472 686 3517 aut
720 3463 908 3531 Verna
931 3503 945 3515 .
977 3463 1194 3520 Subse-
1272 3462 1426 3520 libro
1461 3462 1538 3519 ad
1559 3461 1801 3519 amicos.

152 3558 412 3615 quuntur
445 3534 565 3601 eam
587 3542 646 3599 in
677 3543 874 3601 codice
909 3538 1186 3621 epistulae
1350 3554 1400 3603 α’
1428 3542 1524 3603 Ad
1560 3542 1939 3621 Calpurnium
1958 3556 2043 3603 est
2082 3541 2171 3603 Pii
2201 3564 2303 3601 re·-

157 3630 514 3693 Castricius,
534 3640 590 3682 et
610 3630 791 3701 legam
790 3627 1083 3705 fili,quas
1102 3622 1188 3683 ui·-
1266 3622 1548 3703 scriptum
1606 3623 1727 3701 dig.
1782 3648 1873 3684 χι..
1954 3647 1999 3682 1.
2052 3624 2106 3681 8.
2159 3622 2304 3685 Cal-

117 3730 128 3739 ·
155 3706 350 3765 dimus
415 3710 624 3767 relatas
682 3708 740 3763 in
791 3708 1038 3767 indicem
1107 3710 1183 3766 ad
1264 3704 1509 3783 p‘urnius
1557 3708 1791 3782 quidam
1858 3706 2187 3784 appellatur
2239 3710 2305 3767 in

156 3790 361 3847 Pium.
397 3796 595 3868 Neque
617 3790 838 3847 idcirco
863 3791 998 3849 licet
1019 3810 1185 3869 prae-
1267 3806 1356 3867 ep.
1405 3814 1470 3849 xx
1520 3788 1660 3847 libri
1724 3790 1798 3846 ad
1848 3792 2108 3851 Verum:
2164 3790 2307 3851 item

156 3871 382 3929 dictam
402 3874 708 3951 epistulam
731 3875 1032 3932 transferre
1059 3893 1186 3933 cum
1267 3875 1328 3931 in
1361 3872 1666 3931 Faustinae
1716 3870 1958 3951 epistula
2008 3870 2105 3931 uit.
2142 3874 2301 3931 Cass.

153 3955 288 4011 aliis
321 3956 381 4011 in
405 3956 618 4015 librum
657 3956 904 4013 alterum
938 3958 1014 4014 ad
1049 3958 1192 4015 ami-
1273 3976 1464 4033 capa:
1487 3956 1735 4033 denique
1755 3956 1813 4012 ia
1834 3954 1955 4012 uita
1978 3954 2155 4013 Marci
2176 3972 2301 4033 cap.

157 4057 252 4113 cos
277 4062 288 4091 :
329 4038 450 4095 eius
469 4041 618 4097 enim
641 4039 775 4097 libri
799 4040 972 4096 index
992 4040 1196 4109 docet,
1281 4060 1424 4099 711¹.

151 4120 303 4177 nihil
358 4122 679 4179 interfuisse
743 4122 892 4178 inter
935 4116 1182 4198 primam
1347 4122 1382 4179 3
1425 4116 1582 4179 Vide
1623 4118 1871 4197 Appiani
1906 4132 1962 4177 et
1994 4116 2304 4180 Frontonis
2358 4160 2371 4173 .

155 4202 462 4280 epistulam
492 4216 710 4272 secreto
743 4204 960 4300 hqbebo
977 4246 997 4277 ,
1015 4217 1072 4262 et
1103 4224 1187 4263 se-
1268 4202 1540 4285 epistulas
1581 4217 1809 4266 mutuas
1839 4240 1857 4257 .

821 4482 858 4509 S
