3384 5134
591 1535 681 1579 ,tx
693 1524 860 1577 codice
874 1536 972 1570 me-

591 1596 866 1649 colmam·
891 1628 908 1645 .

1081 446 1256 529 1¹5&
1521 473 1615 524 An
1671 472 2117 525 Antoninum
2180 468 2729 523 mrsu-renat

1073 567 1195 642 chi
1224 582 1349 643 aut
1375 562 1634 675 p'oetae
1667 569 1969 645 alicuius
1998 602 2017 640 ε
2056 573 2266 671 χρίζυ
2306 568 2423 666 7⁶2?
2450 570 2817 647 Juvenum
2846 614 2867 647 ,
2896 578 2973 639 et
3002 567 3227 639 maxi-

1071 716 1194 763 me
1224 692 1370 765 hoc
1427 709 1642 791 genus
1679 724 1699 763 e
1755 718 1937 792 quae
1982 716 2097 763 me
2148 687 2369 761 lectio
2406 684 2713 761 extollat
2752 699 2824 758 et
2875 686 3223 759 diffundat

1069 812 1148 883 ιἰι
1200 814 1334 883 ccv
1395 814 1849 896 κατειληφωοῖν
1894 812 2233 907 epum-{8⁰⁹
2265 865 2283 880 .
2335 809 2586 883 Etiam
2636 810 2693 882 si
2721 836 2864 910 qua
2912 809 3223 882 Lucretii

1075 943 1200 1002 aut
1252 926 1442 1001 Enni
1485 938 1825 1027 excerpta
1886 924 2113 999 habes
2172 932 2419 1015 σόφονιι
2450 954 2485 991 a
2514 982 2531 999 .
2558 982 2577 998 .
2610 982 2625 1001 .
2656 954 2773 1019 φρει
2800 978 2829 1011 ,
2870 944 2943 1002 et
2996 930 3221 1003 sicubi

1033 1080 1042 1101 ι
1080 1040 1276 1119 ἔθους
1307 1036 1607 1128 {poesie-ec
1636 1088 1657 1104 ·

1179 1299 1276 1345 11.
1337 1296 1636 1346 nummo
1702 1296 1859 1345 MEO
1919 1294 2313 1345 ANTONINO
2374 1292 2725 1344 AUGUSTO·
2784 1298 3129 1349 FRONTO·

1283 1510 1356 1584 N
1361 1542 1399 1587 z
1428 1502 1466 1561 b
1495 1536 1628 1611 ego
1662 1527 1835 1614 post
1857 1513 2188 1587 homines
2220 1529 2428 1587 natos
2463 1526 2539 1585 et
2576 1512 2866 1587 locutos
2892 1517 3219 1589 omnium

1068 1633 1632 1709 facundissimus
1658 1634 1926 1711 habear
1960 1690 1983 1730 ‚
2041 1662 2214 1709 cum
2262 1649 2343 1709 tu
2392 1638 2520 1709 ·M·
2560 1636 2807 1710 Aureli
2844 1663 3007 1711 mea
3040 1638 3217 1710 scri-

1065 1772 1194 1861 pta
1217 1755 1498 1830 lectitas
1535 1768 1605 1826 et
1636 1754 1903 1855 probas
1930 1809 1953 1850 ‚
2010 1768 2085 1827 et
2109 1754 2463 1827 lucratiua
2500 1768 2619 1827 tua
2647 1756 2721 1830 in
2752 1757 2971 1831 tantis
3010 1782 3219 1853 nego-

1069 1879 1190 1953 tiis
1233 1892 1558 1976 tempora
1593 1874 1773 1949 meis
1825 1900 2115 1975 quoque
2166 1874 2611 1949 orationibus
2642 1875 2955 1973 legendis
2991 1900 3215 1950 occu-

1061 2026 1236 2104 pare
1295 2020 1446 2069 non
1507 1993 1760 2068 inutile
1814 1992 1951 2067 tibi
2018 1994 2387 2069 arbitraris
2455 2019 2588 2068 nec
2638 1995 3168 2070 infructuosum
3201 2052 3219 2067 .

925 2148 938 2163 ·
1065 2118 1290 2213 Quod
1317 2118 1463 2190 siue
1493 2140 1746 2190 amore
1769 2114 2113 2191 inductus
2134 2116 2358 2189 etiam
2390 2116 2673 2215 ingenio
2708 2142 2873 2189 meo
2914 2114 3221 2189 delecta-

1063 2242 1164 2316 ris
1197 2296 1222 2335 .,
1278 2238 1737 2313 beatissimus
1774 2236 2115 2339 equidem
2166 2264 2330 2312 sum
2360 2292 2383 2333 ,
2420 2232 2623 2338 quod
2687 2238 2821 2310 tibi
2865 2250 3019 2311 tam
3060 2264 3221 2311 sum

1065 2388 1320 2455 carm,
1373 2374 1456 2433 ut
1479 2384 1630 2433 esse
1653 2356 1903 2431 uidear
1934 2360 2153 2431 etiam
2192 2358 2499 2433 disertus
2530 2394 2549 2431 ι
2602 2358 2750 2433 siue
2778 2360 2881 2432 ita
2915 2383 3165 2433 censes
3198 2414 3221 2452 ‚

1063 2498 1282 2587 atque
1303 2483 1401 2553 ita
1433 2476 1708 2553 iudicio
1756 2492 1883 2553 tuo
1922 2492 1997 2551 et
2024 2479 2252 2551 animi
2282 2482 2625 2555 sententia
2669 2480 2995 2554 decernis
3023 2536 3046 2574 .‚
3084 2480 3227 2554 mi·-

1059 2604 1142 2677 hi
1173 2624 1462 2706 quoque
1490 2598 1639 2671 iam
1671 2596 1982 2671 disertus
2018 2598 2171 2671 iure
2204 2594 2551 2695 uidebor,
2592 2600 2941 2701 quoniam
2978 2596 3229 2672 uidoer

1065 2722 1199 2797 tibi
1227 2776 1246 2795 .
1303 2716 1526 2810 Quod
1562 2742 1735 2793 uero
1766 2719 1995 2821 patris
2031 2720 2138 2792 tui
2182 2718 2430 2795 laudes
2464 2750 2507 2795 a
2550 2748 2671 2797 me
2698 2722 2776 2795 in
2812 2736 3063 2795 senatu
3100 2721 3229 2795 de-

1058 2844 1336 2941 signato
1369 2854 1441 2915 et
1461 2841 1646 2915 inito
1683 2839 2067 2916 consulatu
2098 2866 2267 2916 meo
2299 2841 2537 2917 dictas
2566 2842 2797 2941 legisti
2824 2842 3139 2917 libenter
3160 2854 3181 2889 ¹
3205 2899 3228 2937 ‚

1053 2961 1358 3043 minime
1405 2960 1638 3034 miror
1673 2994 1693 3032 ε
1750 2984 2061 3061 namque
2092 2974 2171 3033 tu
2208 2960 2521 3035 Parthos
2556 2962 2781 3034 etiam
2814 2974 2887 3035 et
2912 2960 3231 3035 Hiberos

1053 3108 1181 3157 sua
1225 3082 1455 3180 lingua
1480 3094 1766 3182 patrem
1799 3096 2005 3155 tuum
2054 3079 2425 3155 laudantes
2452 3104 2599 3183 pro
2644 3081 2951 3154 summis
2978 3108 3107 3155 ora
3118 3096 3233 3155 to-

1053 3201 1256 3278 ribus
1277 3186 1525 3279 audias
1555 3255 1573 3272 .
1610 3202 1767 3277 Nec
1795 3224 2035 3275 meam
2070 3201 2475 3275 orationem
2506 3198 2635 3274 sed
2668 3199 2897 3301 patr'ss
2928 3202 3039 3273 tui
3074 3203 3233 3275 uir-

1055 3334 1289 3395 tutem
1327 3322 1630 3405 miratus
1655 3346 1733 3394 es
1762 3354 1781 3393 =
1836 3346 1969 3395 nec
2000 3318 2399 3395 laudatoris
2448 3316 2664 3393 uerba
2694 3372 2719 3413 ‚
2786 3316 2913 3393 sed
2946 3316 3233 3393 laudati

1051 3442 1244 3515 facta
1266 3440 1580 3515 laudasti
1615 3496 1632 3513 .
1653 3440 1761 3515 De
1802 3440 1941 3515 tuis
1971 3441 2191 3517 etiam
2214 3440 2554 3517 laudibus
2580 3496 2603 3533 ,
2662 3467 2843 3542 quas
2874 3440 2955 3515 in
2976 3455 3230 3513 senatu

1051 3560 1304 3634 eadem
1357 3560 1478 3635 illa
1511 3560 1631 3635 die
1663 3561 1945 3663 protuli
1977 3617 2000 3658 ‚
2056 3562 2159 3635 ita
2200 3562 2460 3635 sentias
2490 3558 2712 3635 uelim
2749 3594 2770 3632 ε
2826 3568 3009 3633 tunc
3039 3560 3123 3633 in
3166 3574 3229 3633 te

1055 3680 1402 3755 eximiam
1441 3678 1777 3755 indolem
1830 3680 2048 3755 fuisse
2082 3736 2105 3775 .,
2164 3704 2353 3755 nunc
2402 3704 2773 3761 summam
2822 3678 3229 3753 uirtutem:
3346 3690 3348 3694 ’

1054 3800 1332 3900 frugem
1373 3814 1546 3875 tunc
1587 3802 1668 3874 in
1703 3816 1935 3900 segete
1990 3800 2627 3879 florentem-nunc
2676 3826 2997 3877 messem
3052 3828 3231 3903 per-

1157 4020 1194 4056 α
1229 4000 1455 4072 Spatium
1511 4020 1723 4073 quatuor
1758 4002 1862 4056 fere
1888 4004 2162 4056 litterarum
2182 4038 2197 4055 .
2265 3998 2299 4051 b
2331 4001 2407 4052 Ita
2439 4002 2553 4053 eod.
2582 4000 2693 4067 heio
2724 4016 2775 4065 gt
2808 4001 2929 4055 alibi
2958 4018 3213 4073 prom.

1145 4197 1168 4233 ι
1219 4178 1307 4233 De
1327 4176 1439 4236 hac
1459 4176 1724 4237 oratione
1742 4175 1958 4234 multus
1976 4196 2094 4235 sen-
2180 4176 2277 4237 M-
2310 4177 2620 4237 cesarem.

1053 4278 1148 4319 mo
1180 4256 1292 4323 suit
1323 4260 1386 4319 in
1420 4260 1690 4341 epistulis
1723 4259 1859 4321 libri
1896 4262 1955 4321 11
2017 4258 2095 4321 ad
