3384 5134
1051 494 1097 546 Α
1127 496 1184 547 u
1220 497 1248 547 1
1287 497 1320 548 s
1353 497 1388 547 s
1416 497 1461 549 o
2160 492 2300 550 221

141 564 846 669 ‘dem'eonsalutabo
904 590 1282 670 discedens
1321 649 1346 689 .,
1385 607 1462 666 et
1506 616 1701 693 quae,
1738 592 1921 667 mihi
1980 558 2311 670 conscius

151 739 328 789 sum
379 713 902 815 protestabor-.
935 706 980 749 ‘¹'
1018 712 1220 787 Nihil
1249 715 1324 790 in
1361 711 1580 812 longo
1613 712 1803 787 uitae
1840 738 2041 790 meae
2068 713 2306 815 spatio

145 862 190 905 a
238 858 362 906 me
401 832 802 907 admissum
845 830 1046 933 quod
1099 831 1442 907 dedecori
1495 846 1620 905 aut
1665 830 1941 931 probro
1997 848 2122 906 aut
2177 832 2307 908 ssa-

139 953 334 1049 gitio
391 950 620 1024 foret:
668 944 948 1029 nullum
983 952 1062 1024 in
1087 964 1312 1025 aetate
1355 948 1631 1049 agunda
1669 934 1994 1045 auarum,
2020 950 2305 1029 nullum

137 1070 514 1175 perfidum
529 1072 802 1147 facinus
826 1075 1072 1145 meum
1093 1073 1440 1167 extitisse3
1461 1086 1853 1171 contraque
1874 1067 2101 1143 multa
2123 1068 2305 1145 libe-

137 1192 396 1265 raliter
425 1188 652 1265 multa
684 1189 940 1284 amice,
967 1188 1196 1264 multa
1228 1188 1559 1283 fideliter,
1601 1188 1833 1263 multa
1872 1174 2305 1283 constanter,

137 1338 358 1413 saepe
379 1314 596 1388 etiam
621 1336 792 1385 curn
813 1310 1135 1413 periculo
1162 1312 1420 1413 eapitis
1444 1310 1770 1387 consulta
1792 1368 1809 1383 .
1836 1311 2025 1385 Cum
2042 1311 2251 1387 fratre
2270 1324 2303 1361 ¹²

139 1434 440 1534 optimo
493 1428 1250 1523 concordissimejuixi
1275 1487 1297 1527 ‚
1349 1456 1568 1533 quem
1621 1431 1847 1533 patris
1900 1433 2121 1508 uestri
2170 1432 2308 1505 ho·-

138 1553 368 1625 nitate
405 1573 732 1625 summos
765 1550 1076 1625 honores
1127 1548 1474 1652 adeptum
1518 1551 1793 1649 gaudeo
1825 1608 1849 1649 .‚
1892 1566 2129 1633 uestra
2184 1576 2307 1625 ue«

143 1698 238 1745 ro
266 1672 608 1745 amicitia.
623 1670 792 1746 satis
833 1672 1158 1773 quietum
1199 1686 1272 1747 et
1308 1672 1626 1749 multum
1671 1696 2007 1751 securum
2040 1671 2254 1745 uideo
2281 1726 2305 1744 .

155 1794 498 1866 Honores
522 1846 544 1881 ,
575 1817 760 1893 quos
784 1792 938 1893 ipse
974 1790 1276 1893 adeptus
1311 1819 1514 1888 sum,
1552 1818 1951 1895 numquam
1975 1792 2307 1893 inprobis

137 1912 550 1987 rationibus
595 1913 988 2013 concupiui
1027 1968 1045 1983 .
1101 1915 1374 1987 Animo
1425 1916 1688 2013 potius
1731 1940 1951 2014 quam
2004 1914 2305 2013 corpori

141 2030 470 2109 curando
527 2052 822 2133 operam
859 2032 1074 2107 dedi.
1123 2035 1368 2108 Studia
1413 2034 1785 2109 doctrinae
1810 2035 1913 2107 rei
1968 2032 2305 2115 familiari

143 2178 354 2224 meae
408 2150 716 2253 praetuli
754 2206 774 2225 .
835 2153 1232 2253 Pauper-em
1283 2180 1402 2227 me
1433 2148 1476 2195 ²*
1512 2209 1534 2250 ‚
1591 2180 1813 2253 quam
1866 2179 2007 2255 ope
2066 2154 2307 2231 cuius·-

140 2294 372 2371 quam
411 2272 746 2347 adiutum
774 2304 796 2367 ς
843 2290 1220 2385 postremo
1275 2302 1472 2373 egere
1504 2300 1620 2349 me
1650 2331 1674 2371 ‚
1708 2299 1935 2375 quam
1960 2298 2300 2375 poscere,

139 2388 427 2461 manlui
453 2382 492 2439 b
526 2446 544 2461 .
576 2392 887 2493 Sumptu
924 2420 1326 2496 numquam
1354 2393 1662 2493 prodigo
1700 2394 1803 2467 fui
1837 2451 1861 2491 ‚
1916 2398 2238 2496 quaestui
2269 2410 2302 2448 0
2408 2473 2433 2488 ,

136 2506 510 2583 interdum
533 2514 920 2587 necessario
946 2570 963 2586 .
995 2514 1274 2603 Uerum
1307 2512 1462 2589 dixi
1487 2513 1735 2591 sedulo
1763 2572 1785 2609 ‚
1818 2542 2071 2592 uerum
2098 2516 2305 2593 audi-

138 2629 216 2700 ui
251 2626 562 2703 libenter
583 2684 602 2701 .
638 2630 892 2707 Potius
917 2629 1092 2739 duxi
1117 2632 1384 2733 neglegi
1409 2690 1432 2731 .‚
1469 2661 1688 2737 quam
1712 2636 2062 2733 blandiri3
2096 2652 2301 2711 tace-

141 2772 222 2819 re
257 2802 281 2839 ‚
357 2773 580 2848 quam
625 2752 882 2849 fingere
915 2740 952 2847 ’ς’
1017 2751 1422 2856 infrequens
1477 2756 1755 2831 amicus
1800 2782 1951 2869 esse
1980 2811 2004 2851 ‚
2082 2782 2301 2859 quam

145 2866 480 2965 stequens
511 2866 924 2949 adsentator
955 2928 973 2945 .
1009 2874 1242 2947 Pauca
1283 2876 1510 2976 petii,
1553 2902 1701 2950 non
1744 2902 1979 2977 pauca
2020 2880 2249 2965 merui
2276 2934 2303 2969 2

144 2986 375 3075 Quod
445 2990 702 3091 cuique
751 2992 1017 3091 potui,
1069 3022 1210 3096 pro
1283 2996 1500 3098 eopia
1540 2998 2015 3075 commodaui
2066 3055 2085 3072 .
2150 3002 2303 3075 Me-.

147 3106 478 3181 rentibus
529 3112 892 3209 promtius
927 3167 949 3207 ‚
1024 3110 1566 3191 immerentibus
1615 3117 1959 3191 audacius
1985 3172 2009 3213 ,
2080 3104 2302 3219 opem

150 3226 342 3299 tuli.
397 3228 643 3330 Neque
711 3257 830 3305 me
891 3258 1150 3332 parum
1218 3248 1456 3333 gratus
1542 3236 1906 3338 quispiam
1976 3246 2299 3338 repertus

147 3348 552 3443 segniorem
611 3346 844 3424 effecit
901 3344 944 3401 ἆ
1006 3353 1100 3425 ad
1173 3354 1514 3431 beneficia
1567 3380 2063 3457 quaecumque
2118 3376 2299 3455 pos-2

145 3490 306 3539 sem
363 3488 708 3569 prompte
753 3485 782 3519 e
844 3466 1288 3573 inpertienda
1344 3531 1363 3548 .
1450 3477 1701 3577 Neque
1773 3500 1905 3571 ego
1972 3498 2297 3573 unquam

333 3692 366 3725 ⁴*
411 3694 511 3771 M,
564 3692 810 3773 Uirum
873 3695 1130 3781 bonum
1175 3694 1441 3793 qualem
1487 3726 1622 3769 esse
1688 3720 1949 3797 oportet
1988 3754 2005 3771 .
2058 3700 2296 3791 Qualis

143 3783 408 3851 Fronto
463 3781 661 3853 fuerit
687 3838 704 3859 .
1876 3812 1887 3823 ‘

314 3874 792 3951 *mnan-e.

217 4106 406 4160 aCod.
439 4104 652 4197 frater..
699 4112 847 4199 bles
883 4116 990 4167 cod.
1057 4134 1086 4167 c
1126 4117 1202 4167 Ita
1242 4118 1354 4182 eod.
1413 4118 1456 4172 d
1489 4110 1611 4173 (iod.
1639 4118 1816 4207 efficit,
1883 4136 1911 4171 e
1948 4114 2166 4183 Ῑςςοοᾶ-
2202 4114 2293 4181 οῦδ

141 4200 302 4251 ..ρῳ
333 4178 526 4243 uidetur
563 4185 717 4247 ‘mhi
770 4202 871 4238 nme
897 4206 937 4269 p
967 4187 1210 4259 promtius
1231 4224 1248 4246 .
