3384 5134
1006 484 1051 531 ι,
1082 486 1107 533 ι
1142 486 1175 531 a
1206 486 1247 533 r.
1276 484 1321 533 ιι
1380 483 1517 533 1111
2190 488 2274 537 ιο

180 598 379 657 saret
398 594 423 631 ¹
450 636 469 653 .
508 582 701 655 Item
734 580 1069 680 profecto
1092 582 1180 654 in·
1206 578 1415 653 nobis
1441 594 1792 680 quantum
1817 574 2190 657 molestiae
2205 482 2336 658 al?-

168 708 401 779 sentia
452 760 477 799 .,
538 718 821 776 tantum
858 700 1241 776 commodi
1296 700 1531 774 adfert
1582 700 2020 775 desiderium
2079 704 2336 778 inrita-

168 838 339 899 tum
389 879 408 894 .
461 822 649 895 Nam
712 820 1149 893 desiderium
1200 846 1291 893 ex
1335 846 1581 894 amore
1633 835 1747 894 est
1788 876 1807 892 .
1845 822 2072 918 Igitur
2127 812 2376 896 amor'

166 971 347 1019 cum
399 942 755 1019 desiderio
790 956 1043 1017 auctus
1068 958 1179 1015 est
1209 999 1232 1036 .,
1286 943 1485 1044 quod
1507 958 1615 1017 est
1638 945 1762 1016 ²³¹in
1788 944 2102 1018 amicitia
2137 946 2340 1017 mul-

168 1082 253 1141 to
282 1061 323 1117 b
354 1066 723 1166 optimum
752 1120 770 1133 .
800 1064 989 1135 Tum
1025 1062 1228 1162 quod
1262 1063 1535 1163 quaeris
1564 1064 1653 1137 de
1684 1062 2090 1137 ualetudine
2123 1090 2282 1137 mea
2305 1119 2335 1159 ‚

166 1187 325 1258 iam
374 1186 573 1285 prius
610 1185 1044 1284 scripseram
1086 1184 1217 1257 tibi
1246 1240 1267 1278 .,
1310 1210 1429 1258 me
1462 1188 1693 1258 umeri
1731 1200 1764 1235 ⁰
1813 1184 2066 1259 dolore
2107 1212 2334 1258 uexa-

168 1320 335 1377 tum
382 1306 484 1377 ita
534 1304 991 1377 uehementer
1026 1303 1371 1407 quidem,
1422 1319 1506 1376 ut
1540 1303 1798 1377 illam
1778 1331 2014 1404 ipsam
2049 1305 2330 1404 epistu-

164 1420 379 1517 lam,
446 1450 587 1524 qua
632 1422 713 1494 id
766 1423 1261 1520 significabam
1296 1480 1319 1517 .,
1382 1424 1766 1500 scribendo
1826 1426 1994 1500 dare
2015 1452 2330 1618 operam

160 1546 594 1645 nequirem·
630 1544 757 1617 sed
788 1560 1025 1619 uterer
1050 1560 1303 1621 contra
1334 1572 1623 1621 morem
1660 1540 2057 1621 nostrum*
2183 1558 2254 1617 .²

743 1812 823 1859 x.
882 1784 1224 1881 (causan
1278 1786 1765 1887 raom-om).

960 1944 973 1971 Ι

374 2078 401 2093 .
438 2075 456 2099 .
486 2082 505 2096 .
538 2082 554 2097 .
598 2028 785 2103 Uale
818 2034 923 2102 mi
957 2029 1239 2104 Fronto
1280 2028 1665 2102 carissime
1702 2084 1719 2098 .
1776 2028 2008 2101 Mater
2041 2052 2202 2100 mea
2257 2043 2326 2103 te

158 2142 433 2219 salutat
498 2140 535 2197 3
575 2202 594 2217 .
648 2145 1043 2223 Consulem
1102 2164 1441 2223 nostrum
1478 2144 1512 2207 4
1547 2146 1779 2221 saluta
1810 2163 1885 2221 et
1915 2163 2328 2223 matronam

154 2280 499 2343 nostram
533 2262 569 2321 5
612 2326 631 2342 .

546 2401 553 2434 ¹
652 2436 661 2445 ·
804 2422 920 2468 xi.
954 2418 1231 2469 CAESAR
1274 2417 1704 2467 rnowrom-

372 2632 870 2707 UoLmvrnus
916 2632 1029 2707 dis
1060 2658 1267 2734 spem
1309 2620 1557 2707 salutis
1585 2631 1906 2705 nancisci
1941 2630 2274 2705 uidemur
2301 2663 2356 2701 :-

154 2750 309 2823 alui
346 2749 579 2823 fluxus
614 2752 1004 2848 constitit,
1058 2753 1447 2827 febriculae
1479 2750 1818 2853 depulsae
1856 2784 1875 2821 ε
1918 2752 2186 2825 macies
2217 2766 2328 2825 ta-

226 2977 264 3007 a
303 2965 397 3009 Est
430 2955 772 3023 superadditur
809 2974 857 3009 2.
885 2973 1065 3009 manu.
1134 2959 1165 3009 b
1203 2960 1277 3008 Ita
1314 2959 1421 3009 cod.
1451 2974 1498 3011 2.
1537 2976 1722 3019 mauu3
1752 2976 1802 3009 at
1844 2975 1886 3009 1.
1921 2958 2108 3010 multa.
2177 2974 2205 3004 c
2243 2954 2325 3005 Ita

154 3048 249 3079 sen
236 3030 305 3077 iih
312 3046 331 3077 t
366 3028 461 3077 boc
498 3046 675 3078 nomen
702 3032 884 3079 Fronto
912 3030 1013 3079 sine
1054 3028 1406 3096 adspiratione.
1444 3032 1517 3080 lta
1554 3022 1698 3079 etiam
1738 3030 2087 3097 Symmachus,
2116 3042 2322 3076 necnon

152 3102 346 3149 Plinmn
375 3100 427 3149 in
466 3100 777 3151 uarie-tatibu-
812 3120 839 3151 ι
878 3118 957 3149 me
988 3100 1164 3151 editis.
1202 3103 1283 3151 Sic
1320 3118 1483 3151 nutem
1520 3098 1693 3151 diserte
1733 3102 1870 3151 iubet
1904 3099 2152 3167 Eutyche·
2189 3096 2326 3159 apud

152 3170 361 3221 putsch.
388 3190 443 3255 Ρ.
494 3173 661 3229 2312,
696 3172 783 3238 qui
817 3174 885 3222 ait
918 3189 1115 3221 omnem
1150 3171 1407 3232 aculem,
1440 3190 1489 3221 m
1543 3186 1806 3240 sequente,
1844 3172 2014 3220 leniter
2053 3162 2323 3229 enuntiari,

152 3244 553 3311 nominatimque
584 3258 817 3293 umerus.

242 3432 265 3467 ι
318 3414 475 3489 Lege
506 3412 765 3471 Platonis
822 3412 1195 3471 Phaedonem
1278 3412 1457 3490 ipsius
1492 3410 1673 3468 Marci
1709 3410 1785 3468 ad
1812 3413 2215 3467 Frontonem.

142 3493 243 3551 ed.
283 3496 513 3553 Serrani
560 3508 599 3554 t.
645 3498 689 3553 1
742 3516 801 3573 Ρ.
838 3500 935 3555 60.
1367 3505 1403 3568 4
1446 3494 1721 3579 Intellige
1755 3491 2018 3570 quemuis
2069 3514 2136 3551 ex
2169 3488 2319 3550 ami-

232 3598 265 3635 2
318 3582 603 3651 Quasnam
636 3572 908 3635 litteras
893 3601 951 3635 ιιι
986 3578 1195 3635 lacuna
1281 3580 1361 3637 cis
1415 3592 1514 3635 aut
1574 3577 1904 3637 necessariis
1960 3576 2312 3635 Frontonis·

142 3662 561 3731 amiserimus,
596 3662 720 3719 sine
776 3661 959 3721 dubio
1013 3662 1195 3718 doce·
1276 3664 1363 3719 De
1422 3660 1671 3719 Claudio
1720 3659 1956 3738 quidem
2015 3658 2316 3719 Frontone

136 3756 237 3803 ret
274 3744 475 3813 index,
520 3746 629 3802 nisi
655 3746 701 3801 is
730 3744 1025 3804 interdum
1061 3764 1189 3801 cum
1278 3744 1507 3803 consule
1542 3756 1600 3801 et
1636 3744 1898 3804 asiarcha
1925 3743 2115 3801 recole
2152 3743 2314 3802 dicta
2367 3754 2372 3760 ’

142 3849 397 3905 corpore
418 3828 547 3905 ipso
562 3840 851 3905 pugnaret
874 3873 886 3887 .
918 3828 1035 3887 Sed
1059 3846 1191 3884 cer-
1272 3826 1331 3885 in
1380 3827 1740 3904 praefatione
1761 3871 1774 3883 .
1829 3828 1945 3887 Sed
1981 3840 2036 3884 et
2073 3829 2311 3885 fratrem

138 3924 205 3967 te
225 3911 595 3969 desideratur
628 3930 765 3989 pars
784 3912 1069 3987 epistulae
1090 3932 1189 3967 no·-
1269 3931 1435 3969 suum
1484 3910 1560 3967 ad
1595 3931 1844 3970 summos
1877 3910 2128 3969 honores
2172 3929 2311 3965 eue-

136 4011 257 4051 nae
302 4006 357 4051 et
408 4013 543 4071 pars
583 3992 833 4051 maxima
888 3994 1183 4062 decimae,
1272 4007 1427 4051 ctum
1466 3987 1569 4051 Pio
1604 3992 1928 4074 imperante
1979 3994 2058 4052 ait
2089 3997 2310 4051 Fronto

136 4096 293 4152 quae
311 4076 631 4154 incipiebat
663 4080 990 4139 haec-mein
1014 4100 1188 4155 prae-
1271 4076 1346 4134 de
1364 4098 1488 4155 nep-
1527 4098 1635 4135 am.
1664 4100 1754 4157 ep.
1781 4083 1857 4138 ll.

130 4167 366 4218 sentia.
1349 4159 1385 4217 5
1436 4160 1691 4223 Videtur
1733 4160 2115 4241 intelligenda
2165 4176 2310 4223 uxot·

225 4244 263 4302 3
314 4242 469 4303 uine
500 4240 669 4301 uides
717 4240 1027 4323 epistulam
1062 4260 1183 4301 esse
1266 4244 1611 4305 frontonis.

2522 1418 2527 1423 ·
2590 1406 2635 1449 ’ἡ

2431 1532 2806 1644 Q.v1111.

2461 1785 2806 1837 Desidet-mur

2431 1857 2636 1924 paginae
2663 1877 2800 1929 qua-

2425 1944 2544 1979 tuor
2557 1963 2576 1979 ο
