3384 5134
1121 425 1230 492 no'
1726 411 1854 484 'An‘
1928 433 2042 482 οιι·
2124 429 2672 484 cassanen

1119 534 1336 608 nibus
1387 528 1745 605 iactentur
1774 561 1797 599 e
1850 528 2025 628 quin
2068 521 2203 628 [et
2263 524 2558 600 naulum
2588 523 2623 630 ]
2686 527 3277 607 constituendum

1118 655 1328 757 quod
1351 665 1382 702 ⁸
1399 676 1538 752 pro
1563 647 2003 722 testamentis
2028 647 2350 744 exigatur
2376 703 2395 719 .
2422 647 2747 720 Antehac
2776 639 2813 696 b
2839 703 2859 718 .
2880 702 2899 718 .
2919 703 2939 720 .
2965 675 3143 750 quae
3174 705 3193 718 .
3216 704 3235 718 .
3256 703 3279 722 .

1117 772 1504 848 tenendum
1535 825 1555 842 .
1595 769 1789 842 Nam
1815 824 1834 839 .
1856 793 2068 841 ..exe
2094 823 2114 838 .
2144 821 2166 838 .
2192 792 2367 841 cum
2398 825 2417 840 .
2448 822 2467 840 .
2490 769 2711 843 etiam
2742 828 2761 844 .
2791 821 2810 844 .
2836 797 3005 870 roge
3038 823 3061 842 .
3091 827 3110 843 .
3134 770 3279 845 do-

1115 890 1974 970 lens..ent..item...

1409 1157 1640 1210 vnn.
1716 1155 1915 1206 nau:
1950 1140 1985 1180 ⁰
2028 1155 2117 1202 ιιι
2175 1153 2561 1206 rums-rna
2616 1157 2908 1206 ornus
2952 1183 2975 1205 .

1323 1375 1596 1458 S1Q111n
1639 1383 1660 1418 ¹
1718 1370 1961 1444 somni
2010 1368 2195 1443 redit
2232 1384 2405 1471 post
2453 1369 2725 1469 uigilias
2753 1429 2776 1467 ,
2848 1373 2937 1449 de
3007 1377 3269 1479 quibus

1109 1507 1400 1595 questus
1429 1519 1505 1565 es
1532 1546 1556 1587 .,
1611 1515 1747 1564 oro
1790 1504 1857 1562 te
1892 1489 2133 1562 scribe
2190 1488 2373 1561 mihi
2404 1521 2424 1559 ε
2462 1503 2537 1562 et
2592 1488 2778 1564 illud
2835 1519 2969 1567 oro
3004 1510 3071 1568 te
3104 1498 3266 1596 pri-

1111 1638 1322 1686 mum
1354 1609 1747 1686 ualetudini
1776 1632 2075 1707 operam
2108 1605 2201 1678 da
2227 1638 2245 1676 ε
2280 1621 2435 1679 tum
2467 1609 2777 1682 securim
2809 1610 3167 1684 tenediam
3190 1625 3263 1708 2,

1111 1757 1332 1832 quam
1379 1731 1674 1804 minaris
1702 1785 1725 1824 .,
1764 1726 1949 1802 abde
1980 1726 2226 1826 aliquo
2266 1751 2351 1798 ac
2404 1726 2759 1800 reconde:
2794 1754 2927 1802 nec
2966 1744 3039 1802 tu
3088 1755 3267 1806 con-

1107 1850 1360 1926 silium
1417 1877 1801 1924 causarum
1842 1847 2279 1948 agendarum
2318 1847 2691 1924 demiseris
2718 1905 2741 1946 .‚
2796 1865 2921 1925 aut
2966 1867 3127 1926 tum
3162 1855 3263 1926 si-

1107 1967 1265 2046 mul
1321 1971 1572 2046 omnia
1617 1999 1747 2074 ora
1782 1981 2071 2044 taceant
2098 2025 2117 2042 .
2174 1973 2451 2044 Graece
2499 1972 2747 2044 nescio
2800 1973 2979 2071 quid
3038 1975 3144 2048 ais
3202 1989 3265 2048 te

1107 2093 1563 2195 compegisse
1588 2084 1628 2140 ἃ
1653 2148 1678 2187 .,
1716 2087 1919 2192 quod
1950 2103 2033 2162 ut
2060 2114 2279 2190 aeque
2311 2115 2547 2188 pauca
2580 2117 2619 2164 a
2648 2103 2717 2164 te
2748 2093 3021 2192 scripta
3040 2103 3071 2140 θ
3098 2090 3257 2195 pla-

1109 2229 1274 2288 ceat
1309 2213 1440 2286 tibi
1471 2270 1490 2284 .
1525 2215 1637 2287 Tu
1661 2239 1755 2286 ne
1784 2239 1861 2286 es
1892 2213 2017 2312 qui
2052 2237 2170 2284 me
2202 2236 2433 2311 nuper
2466 2214 3014 2312 concastigabas
3043 2240 3263 2315 quor-

1109 2361 1273 2408 sum
1305 2327 1333 2384 f
1359 2359 1606 2432 graece
1639 2335 2035 2407 scriberem
2068 2325 2111 2407 ’ἶ
2142 2331 2323 2406 Mihi
2360 2358 2530 2405 uero
2572 2333 2750 2433 quid
2787 2332 3253 2434 potissimum

1054 2537 1077 2548 x
1105 2481 1352 2554 graece
1396 2454 1869 2527 scribendum
1906 2467 2014 2528 est
2040 2505 2058 2524 .
2095 2452 2334 2543 Quam
2384 2451 2483 2526 ob
2537 2479 2689 2526 rem
2711 2511 2731 2550 ‚
2778 2479 2986 2553 rogas
3008 2447 3050 2529 ?
3090 2452 3256 2527 uolo

1106 2575 1518 2678 periculum
1554 2577 1785 2648 facere
1816 2601 1907 2648 an
1938 2574 2018 2647 id
2048 2571 2251 2675 quod
2293 2599 2443 2647 non
2489 2571 2759 2670 didici,
2808 2574 3095 2650 facilius
3131 2577 3261 2650 ob-

1107 2695 1451 2768 secundet
1485 2694 1716 2789 mihi,
1766 2695 2118 2797 quoniam
2171 2694 2473 2796 quidem
2527 2692 2710 2768 illud
2774 2697 2975 2797 quod
3032 2695 3257 2770 didici

1107 2813 1418 2890 deserit.
1465 2815 1654 2911 Sed,
1700 2817 1763 2890 si
1808 2841 1929 2890 me
1974 2842 2229 2912 amas,
2281 2815 2599 2890 misisses
2640 2817 2743 2888 mi
2798 2815 2999 2888 istud
3044 2815 3253 2889 noui-

1172 3005 1210 3040 α
1243 2989 1651 3056 supplementum
1673 3001 1724 3038 et
1736 2969 2107 3056 naultmsqnod
2126 2990 2187 3040 ad
2206 2989 2388 3040 codicis
2405 2989 2615 3072 spatium
2636 2989 2789 3055 probe
2808 2992 2967 3058 quadr
2944 3004 3017 3040 rat
3052 3005 3253 3041 eertum·

1103 3079 1204 3130 que
1241 3061 1471 3112 uidetur.
1543 3062 1574 3112 h
1611 3064 1737 3112 Exin
1758 3061 1931 3132 pagina
1951 3077 2105 3127 prope
2127 3064 2313 3134 integra
2338 3061 2430 3182 1Ἰί
2450 3063 2654 3128 nequit.
2726 3078 2755 3109 c
2792 3064 2864 3113 lta
2885 3064 3041 3112 codex
3062 3081 3154 3111 me
3160 3057 3249 3110 ’iol-

1101 3149 1156 3184 at
1171 3151 1296 3183 rom
1317 3131 1445 3184 habe
1469 3135 1534 3184 ob
1561 3135 1783 3184 uitiosum
1802 3131 2289 3198 pronunciationem.
2436 3133 2575 3181 Rom.
2612 3148 2823 3204 compegi
2816 3135 2937 3184 ’.σεε
3010 3147 3037 3180 e
3058 3131 3251 3185 Medsol.

1099 3221 1198 3255 scra
1179 3201 1322 3255 tha·
1377 3199 1428 3280 f
1441 3205 1516 3255 Ita
1537 3204 1652 3254 cod.
1677 3201 1895 3266 medinm
1911 3217 1963 3254 at
1984 3219 2115 3254 rom.
2130 3221 2237 3253 cur.

1189 3368 1214 3404 ι
1267 3343 1486 3402 Eadem
1547 3342 1698 3400 haec
1740 3341 1989 3420 epistula
2033 3363 2138 3401 oc-
2220 3363 2345 3401 eam
2371 3342 2741 3422 consequitur
2769 3344 2830 3403 in
2872 3345 3079 3406 eodem
3120 3341 3250 3402 folio

1101 3427 1283 3488 currit
1337 3429 1398 3484 in
1468 3427 1671 3484 codice
1724 3447 1961 3484 romano
2026 3425 2131 3487 lib.
2218 3425 2469 3522 epistula
2488 3449 2816 3503 ageperge.
2844 3433 3044 3506 Neque
3066 3441 3251 3484 tamen

1101 3512 1208 3568 111.
1243 3531 1301 3588 p.
1332 3530 1635 3578 121-120
1671 3508 1787 3565 alio
1822 3523 2015 3566 tamen
2050 3531 2143 3568 or·-
2222 3505 2449 3568 idcirco
2486 3511 2773 3568 existimes
2809 3510 2955 3570 duos
2988 3511 3163 3568 fuisse
3194 3509 3249 3564 in

1099 3593 1275 3650 dine.
1330 3593 1592 3667 Namque
1641 3591 1703 3648 in
1760 3612 1997 3650 romano
2036 3613 2141 3650 co-
2220 3593 2570 3650 monasterio
2613 3593 2877 3653 bobiensi
2944 3591 3250 3652 Frontonis

1102 3673 1396 3732 dicehanc
1411 3675 1977 3750 praeceditepmtula
1990 3694 2137 3750 quae
2222 3677 2491 3745 codices,
2526 3697 2637 3752 qua
2672 3697 2849 3756 super
2891 3699 2955 3736 re
2982 3678 3127 3735 satis
3158 3675 3251 3732 di-

1095 3755 1636 3836 incipitimaginem
1653 3777 1829 3836 quam
1864 3769 1922 3814 te
1952 3779 2137 3837 qnae-
2216 3759 2273 3818 xi
2308 3760 2367 3817 in
2411 3759 2775 3836 praefatione
2797 3803 2811 3817 .

1089 3863 1273 3910 rere5
1322 3836 1692 3916 subsequitur
1736 3853 1927 3896 autem
2002 3841 2135 3916 epi-
2300 3863 2331 3901 2
2367 3843 2639 3900 Seuerum
2658 3846 3057 3921 propositum·
3108 3843 3251 3900 con-

1087 3925 1244 3983 ¹stula
1287 3921 1572 3998 incipiens
1615 3929 1736 3982 scio
1768 3927 1961 3981 natali
1990 3925 2127 3982 dle.
2214 3923 2307 3980 fer
2338 3923 2579 4001 Diogen.
2618 3927 2893 4003 prouerb.
2952 3936 3246 3985 centani-

1089 4004 1589 4064 &mediolanensi
1625 4027 1763 4064 uero
1792 4006 2133 4083 quidprae-
2212 4017 2342 4086 58;
2389 4021 2627 4078 suidam
2668 4041 2796 4080 „00
2844 4007 3159 4090 τρνίθιος.
3194 4028 3247 4074 et

1091 4089 1258 4148 cedat
1294 4088 1580 4146 incertum
1602 4102 1684 4147 est
1706 4088 1875 4166 ,quia
1910 4089 2129 4165 epistu-
2212 4101 2463 4178 denique
2481 4103 2819 4164 Ciceronem
2855 4103 2981 4162 gd·
2967 4106 3059 4178 Q·
3082 4102 3155 4164 st
3174 4102 3245 4165 Π.

1083 4169 1199 4231 la‘
1180 4183 1389 4254 mclpit
1407 4185 1574 4232 ιιιιιιο
1594 4133 1726 4240 folii
1738 4214 1763 4244 ,
1784 4173 1889 4232 sed
1922 4173 2125 4252 utique
2216 4205 2239 4244 1
2258 4205 2309 4246 1
