3384 5134
1147 466 1282 527 ΒΜ
1741 471 1858 525 An
1936 474 2052 521 m·
2135 472 2672 523 cAtsAntM

1134 572 1384 664 Quom
1406 566 1694 645 'uidebis
1721 572 1795 643 in
1820 568 2022 643 dolio
2049 587 2374 643 mustum
2409 572 2680 679 feruere
2704 629 2727 667 .,
2753 572 2828 645 in
2847 586 3148 645 mentem
3171 572 3246 643 ti-

1132 683 1213 767 bi
1260 694 1495 767 ueniat
1526 749 1549 787 .,
1592 692 1776 765 mihi
1813 694 1916 765 sie
1961 692 2034 763 in
2077 706 2373 793 pectore
2411 706 2617 765 tuum
2649 693 3078 767 desiderium
3107 718 3244 765 sca-

1134 826 1283 891 tere
1312 830 1385 890 et
1412 813 1772 889 abundare
1793 830 1872 889 et
1894 839 2186 915 spumas
2218 815 2450 888 facere
2473 828 2493 863 ¹
2515 870 2535 887 .
2569 817 2868 918 Semper
2909 812 3063 887 uale
3087 868 3105 884 .

1449 1082 1526 1133 v.
1563 1082 1758 1130 usur.
1795 1078 1973 1131 mun
2012 1080 2396 1131 maersrea
2443 1082 2830 1133 cAmssma
2871 1112 2890 1127 .
2937 1072 2972 1107 ἃ
3009 1049 3026 1063 “

1131 1338 1142 1341 -
1244 1296 1399 1370 Nos
1428 1295 1752 1369 ualemus
1777 1354 1795 1367 .
1822 1299 1978 1395 Ego
2006 1288 2223 1372 hodie
2256 1298 2346 1371 ab
2373 1300 2556 1373 hora
2587 1326 2775 1372 nona
2809 1300 3043 1375 noctis
3065 1298 3134 1369 in
3163 1321 3253 1368 se-

1138 1418 1453 1491 cundam
1490 1420 1633 1491 diei
1668 1418 1848 1493 bene
1885 1419 2247 1519 disposito
2281 1420 2450 1495 cibo
2483 1424 2751 1496 studiui
2787 1415 2865 1492 b:
2905 1449 2947 1493 a
2973 1416 3251 1493 secunda

1134 1529 1213 1612 in
1244 1541 1529 1613 tertiam
1558 1538 1870 1623 soleatus
1903 1537 2372 1612 libentissime
2404 1540 2848 1616 inambulaui
2885 1554 3041 1613 ante
3075 1535 3250 1609 cubi-

1132 1657 1379 1731 culum
1432 1687 1677 1733 meum
1723 1716 1742 1731 .
1803 1660 2076 1733 Deinde
2130 1660 2484 1735 calceatus
2531 1718 2553 1755 ,
2613 1660 2862 1759 sagulo
2915 1670 3246 1756 sumptot,

1132 1796 1307 1849 nam
1340 1780 1440 1851 ita
1478 1776 1724 1853 adesse
1763 1781 1974 1855 nobis
2019 1782 2380 1856 indictum
2415 1797 2566 1855 erat
2599 1775 2638 1814 *
2663 1838 2686 1875 ‚
2728 1782 2874 1853 abii
2899 1780 3249 1855 salutatum

1128 1896 1531 1985 Dominum
1578 1926 1825 1975 meum
1851 1958 1869 1973 .
1920 1900 2042 1985 Ad
2079 1902 2532 1975 uenationem
2563 1902 2876 2001 profecti
2925 1906 3201 1975 sumus²
3225 1946 3244 1983 ‚

1034 2084 1040 2091 .
1116 2015 1345 2093 fortia
1413 2022 1733 2095 facinora
1805 2022 2108 2096 fecimus
2155 2080 2182 2117 ‚
2247 2050 2462 2123 apros
2519 2036 2776 2124 captos
2857 2048 3008 2097 esse
3057 2010 3247 2091 sande
3331 2058 3333 2101 ÷

1124 2140 1462 2217 audimus
1490 2200 1513 2238 .‚
1572 2172 1742 2216 nam
1798 2135 2092 2218 uidendi
2145 2138 2442 2246 quidem
2494 2141 2686 2217 nulla
2742 2144 3044 2218 facultas
3093 2139 3245 2213 fuit.
3331 2126 3333 2137 ²

1127 2257 1425 2333 Cliuom
1448 2274 1481 2310 ‘²
1522 2276 1763 2335 tamen
1797 2266 1967 2337 satis
1997 2264 2307 2338 arduum
2337 2264 2816 2337 successimus
2849 2298 2868 2333 ε
2907 2262 3068 2336 inde
3102 2274 3247 2359 post

1121 2381 1501 2455 meridiem
1532 2377 1575 2433 d
1614 2383 1923 2457 domum
1957 2378 2362 2486 recepimus
2390 2442 2409 2457 .
2447 2388 2604 2483 Ego
2643 2410 2760 2457 me
2799 2385 2898 2457 ad
2931 2380 3194 2456 libellos
3228 2432 3242 2447 .

1122 2501 1353 2597 Igitur
1404 2498 1665 2576 calceis
1713 2498 2052 2579 detractis
2083 2562 2106 2599 .,
2161 2504 2607 2579 uestimentis
2650 2506 2915 2606 positis
2950 2561 2972 2599 ,
3024 2504 3092 2575 in
3121 2498 3246 2571 lec-

1123 2618 1277 2693 tulo
1326 2624 1420 2695 ad
1458 2624 1635 2699 duas
1690 2626 1906 2698 horas
1953 2640 2450 2699 commoratus
2495 2648 2658 2699 sum
2692 2679 2708 2695 .
2764 2624 2940 2723 Legi
2984 2615 3244 2695 Catonis

1121 2740 1521 2817 orationem
1584 2745 1675 2817 de
1713 2744 1924 2818 bonis
1969 2745 2264 2819 Dulciae
2301 2758 2330 2795 θ
2358 2802 2381 2841 .,
2411 2761 2484 2818 et
2521 2745 2737 2819 aliam
2777 2772 2918 2845 qua
2980 2742 3241 2817 tribuno

1116 2854 1316 2933 diem
1370 2862 1557 2937 dixit
1590 2922 1608 2937 .
1643 2866 1732 2939 Io
1765 2859 1834 2960 f,
1895 2856 2130 2967 inquis
2189 2893 2416 2966 puero
2459 2882 2636 2961 tuoz,
2681 2866 2865 2939 uade
2925 2876 3238 2965 quantum

1118 2995 1327 3077 potes
1360 3042 1382 3077 .,
1446 2986 1535 3060 de
1590 2980 1977 3088 Apollonis
2055 2979 2492 3063 bibliotheca
2546 2980 2672 3061 has
2746 2988 2932 3059 mihi
2991 2981 3237 3057 oratio-

1118 3124 1243 3175 nes
1288 3101 1611 3205 'adporta
1637 3164 1655 3178 .
1697 3110 1986 3181 Frustra
2017 3103 2251 3181 mittis
2287 3118 2324 3173 8
2365 3139 2385 3201 3
2441 3132 2612 3179 nam
2637 3098 2907 3179 ethisti
2945 3096 3105 3177 libri
3143 3120 3236 3167 me

1216 3314 1223 3325 .
1282 3342 1315 3371 ⁴*
1360 3340 1461 3405 M
1510 3342 1590 3406 In
1634 3336 1767 3407 alio
1795 3388 1814 3421 ‚
1851 3342 2100 3409 indicio
2139 3358 2278 3417 erat
2317 3392 2332 3406 .

1178 3594 1215 3624 a
1252 3574 1374 3625 Cod.
1408 3574 1704 3641 grauissime
1725 3612 1737 3624 .
1767 3570 1894 3625 Tum
1927 3573 1978 3624 in
2013 3575 2226 3643 margine
2261 3588 2333 3623 eet
2359 3570 2533 3623 lemma
2555 3604 2564 3612 ·
2589 3572 2644 3621 ἱη
2679 3570 2782 3623 alio
2815 3572 3066 3623 carissime
3089 3590 3104 3633 3
3129 3588 3234 3638 quae

1111 3658 1225 3694 ueta
1262 3646 1405 3695 lectio
1434 3662 1507 3695 est
1527 3684 1539 3696 .
1610 3644 1639 3694 b
1678 3648 1754 3695 Ita
1791 3644 1897 3694 coel.
1929 3662 2021 3709 pro
2054 3642 2220 3695 studui
2241 3680 2254 3701 ,
2307 3660 2362 3693 ut
2383 3643 2551 3713 posim*
2589 3660 2680 3711 pro
2707 3647 2894 3713 posui.
2937 3648 3066 3697 Infra
3099 3660 3230 3691 tamen

1105 3716 1307 3765 mani.
1378 3734 1407 3763 c
1442 3718 1517 3766 Ita
1552 3716 1663 3765 cod.
1731 3716 1768 3763 cl
1803 3716 1876 3767 Ita
1913 3716 2023 3765 cod.
2059 3732 2105 3767 9.
2145 3733 2328 3776 manu3
2358 3731 2407 3765 at
2463 3730 2504 3763 1.
2533 3714 2804 3785 postridie.
2875 3734 2902 3763 e
2940 3718 3014 3767 Ita
3058 3714 3156 3765 cod.
3191 3728 3232 3760 2·

1106 3804 1292 3846 mauu5
1328 3801 1377 3835 nt
1418 3803 1459 3835 1.
1498 3786 1744 3837 Pulchrae
1766 3826 1777 3837 .
1849 3782 1888 3853 f
1907 3788 1981 3836 Ita
2013 3788 2204 3835 uidetur
2224 3785 2504 3835 emendatus
2541 3787 2723 3845 codex,
2753 3802 2912 3855 qutun
2932 3791 3066 3855 prius
3091 3784 3234 3834 suisset

1100 3856 1187 3976 ῗα
1215 3898 1227 3909 .
1298 3874 1337 3925 g
1373 3856 1528 3908 Mittis
1584 3856 1782 3907 additur
1822 3852 1869 3906 a.
1913 3876 2062 3910 manu
2083 3895 2096 3917 ,
2130 3860 2282 3927 idque
2319 3856 2542 3924 proiecto
2579 3858 2817 3928 eleganter
2867 3850 3028 3910 omitti
3059 3858 3229 3925 potuit·

1173 3928 1293 3983 Cod.
1324 3928 1392 3981 it.

1186 4136 1207 4170 1
1232 4113 1847 4177 CiceroinVerr.1111.
1889 4118 1966 4176 66
1985 4114 2132 4175 dicit
2298 4133 2330 4170 α
2381 4112 2562 4170 Marci
2607 4106 2941 4171 uenationes
2973 4115 3230 4173 memor-t

1094 4214 1514 4277 spumasagere
1540 4238 1555 4255 .
2215 4196 2582 4275 Capitolinus
2621 4198 2773 4277 cap.
2823 4198 2963 4257 1111.
