3384 5134
1115 454 1266 531 302
1892 478 1940 527 A
1966 482 2011 529 n
2036 452 2053 469 “
2088 478 2137 528 Α
2160 480 2215 527 n
2248 480 2271 526 ι
2302 480 2343 526 c
2372 478 2481 527 os

1649 702 1658 709 '
1739 718 1849 765 vi.
1906 716 2129 768 nuno
2184 716 2566 767 auronum
2597 746 2618 763 .

1317 930 1532 1003 Haut
1575 929 1679 1003 mi
1730 929 2163 1004 domine'fili
2204 932 2563 1005 carissime
2590 986 2609 1001 .
2664 929 2869 1002 Sicut
2894 954 3073 1025 eos,
3128 932 3253 1031 qui

1111 1045 1303 1121 dicta
1352 1049 1675 1151 factaque
1716 1063 1835 1124 tua
1870 1048 2441 1125 administranda
2472 1052 2852 1153 prouincia
2907 1053 3253 1125 maximis

1109 1166 1441 1241 laudibus
1509 1169 1745 1243 ferunt
1778 1227 1801 1263 .‚
1856 1168 2079 1242 laetus
2136 1195 2222 1241 ac
2272 1167 2503 1245 libens
2550 1170 2771 1244 audio
2798 1227 2821 1263 .,
2876 1172 2977 1243 ita
3030 1172 3251 1268 siquis

1111 1286 1285 1385 quid
1323 1304 1803 1363 remurmurat
1834 1304 1957 1364 aut
1986 1289 2413 1389 deprecatur
2446 1306 2478 1340 ²
2516 1348 2537 1385 .‚
2596 1292 2833 1365 multo
2864 1292 3251 1391 scrupulo-

1107 1405 1250 1478 sius
1294 1409 1655 1481 autsculto
1679 1402 1717 1457 b
1739 1466 1761 1504 .,
1798 1424 1871 1483 et
1902 1434 2045 1511 quo
2074 1411 2385 1513 quicque
2420 1410 2647 1487 modo
2674 1410 2962 1507 gesseris
2992 1423 3123 1479 aut
3150 1410 3253 1478 iu-

1105 1519 1458 1598 dicaueris
1497 1528 1825 1629 requiro,
1858 1542 1938 1599 ut
1970 1529 2091 1629 qui
2122 1529 2640 1603 existimationi
2674 1544 2831 1601 tuae
2870 1528 3253 1625 famaeque

1105 1639 1306 1721 iuxta
1339 1670 1554 1748 quam
1591 1670 1793 1723 meae
1824 1646 2237 1723 consultum
2276 1650 2627 1749 cupiam.

1263 1764 1706 1847 Uolumnius
1744 1770 2038 1841 Serenus
2075 1768 2665 1861 concordiensiS,
2710 1766 2771 1839 si
2804 1728 3039 1839 nihil
3020 1792 3095 1837 m
3122 1766 3201 1837 iis
3228 1822 3249 1855 ‚

1111 1910 1294 1985 quae
1325 1888 1518 1989 apud
1551 1917 1668 1963 me
1700 1905 2373 1965 commemorarunt
2394 1904 2425 1937 ‘³
2454 1948 2475 1985 .‚
2506 1916 2715 1963 uerae
2733 1889 2831 1963 rei
2856 1882 2896 1919 *
2922 1888 3119 1959 desit
3144 1902 3257 1959 aut

1112 2008 1436 2103 addidit,
1482 2011 1634 2083 iure
1673 2014 2073 2111 meritoque
2100 2026 2343 2085 utetur
2376 2038 2494 2085 me
2520 2010 2717 2111 apud
2754 2025 2825 2085 te
2860 2006 2975 2081 uel
3000 2022 3257 2107 patro-

1115 2155 1212 2202 no
1269 2130 1383 2203 uel
1419 2138 1796 2231 precatore
1828 2124 1865 2179 d
1904 2188 1925 2201 .
1977 2131 2194 2221 Quod
2225 2132 2285 2205 si
2332 2133 2515 2205 ultra
2551 2130 2896 2230 epistulae
2948 2126 3263 2199 modum

1113 2248 1414 2323 uidebor
1463 2276 1879 2351 prognessus
1908 2306 1931 2342 .,
1984 2277 2072 2323 eo
2122 2254 2443 2345 eueniet,
2500 2250 2703 2351 quod
2728 2276 2805 2321 ea
2850 2274 2969 2319 res
3000 2262 3259 2346 postu-

1111 2365 1218 2439 lat
1240 2423 1263 2459 .,
1293 2385 1401 2442 ·ut
1431 2395 1602 2443 cum
1635 2370 1941 2471 epistula
1997 2372 2383 2447 coniuncta
2410 2373 2505 2444 sit
2543 2370 2895 2469 quaedam
2938 2364 3253 2440 causidi-

1079 2485 1306 2557 .catio
1333 2498 1364 2533 ⁸
1397 2544 1416 2557 .
1473 2490 1652 2567 Rem
1708 2514 2004 2565 omnem
2046 2488 2141 2561 ita
2168 2566 2175 2575 ,
2207 2503 2289 2561 ut
2336 2490 2515 2561 mihi
2548 2484 2990 2559 Uolumnius
3028 2506 3257 2580 expo·

1115 2606 1256 2679 suit
1291 2633 1703 2706 proponam
1728 2644 1746 2681 ε
1804 2606 2020 2683 simul
2050 2622 2123 2679 et
2144 2634 2371 2695 unum
2392 2606 2707 2709 quidque
2745 2628 3009 2675 uerum
3048 2628 3143 2671 ne
3173 2600 3253 2669 sit

1115 2724 1382 2821 rogabo
1419 2738 1438 2773 ¹
1473 2784 1494 2799 .
1548 2730 1769 2801 Estne
1813 2725 1963 2825 lege
2002 2726 2331 2801 coloniae
2372 2724 3029 2803 Concordiensium
3098 2746 3255 2793 cau·

1117 2855 1316 2935 tum,
1378 2870 1468 2915 ne
1505 2844 1664 2943 quis
1720 2843 2036 2917 scribam
2094 2846 2326 2941 faxit,
2382 2845 2521 2922 nisi
2556 2868 2719 2917 eum
2772 2868 2999 2943 quem
3038 2840 3255 2913 decu-

1113 2960 1394 3035 rionem
1454 2988 1741 3063 quoque
1795 2976 1989 3036 recte
2045 2964 2275 3037 facere
2326 2966 2560 3065 possit
2590 2957 3077 3044 ?Fueruntne
3116 2984 3253 3031 om·

1113 3104 1235 3151 nes
1285 3093 1358 3152 et
1397 3095 1563 3167 sunt
1609 3081 1704 3153 ad
1756 3080 1901 3155 hoc
1944 3082 2281 3165 locorum
2316 3076 2345 3133 s
2370 3084 2631 3185 quibus
2666 3104 3033 3180 umquam
3086 3074 3255 3149 scri·

1113 3212 1280 3296 ptus
1310 3199 1649 3303 publicus
1684 3200 2132 3275 Concordiae
2186 3202 2373 3275 latus
2395 3217 2539 3291 est,
2580 3200 3011 3275 decuriones
3038 3188 3085 3269 ?
3138 3195 3251 3265 Fa·

1117 3329 3259 3369 W-——d

1237 3426 1270 3455 ⁴
1317 3426 1417 3489 M.
1469 3422 1795 3503 Ueritati‚
1844 3444 2043 3487 uerae
2076 3421 2173 3487 rei
2210 3472 2229 3487 .

1179 3672 1216 3703 α.
1251 3648 1753 3717 Cod.depraecamr.
1826 3647 1857 3697 b
1896 3650 1971 3699 It·
2014 3644 2124 3697 cod.
2154 3644 2265 3695 heic
2297 3660 2345 3695 et
2376 3646 2429 3693 in
2462 3645 2642 3693 Adone
2664 3676 2677 3689 .
2716 3643 2777 3690 Iu
2811 3646 3061 3711 exemplis
3100 3650 3263 3697 eloe...-

1111 3730 1302 3779 tionum
1337 3718 1490 3769 habe·
1527 3718 1783 3770 absculto.
1856 3738 1885 3769 c
1923 3722 2001 3769 lta
2056 3717 2167 3767 cod.
2209 3715 2297 3766 nisi
2338 3714 2464 3763 forte
2504 3712 2576 3763 e’st
2632 3712 2865 3761 mendum
2914 3730 3013 3777 pro
3062 3738 3263 3768 m:-

1114 3791 1328 3847 moratu't
1349 3827 1361 3840 .
1429 3790 1466 3838 d
1503 3788 1623 3839 eod.
1639 3802 1931 3861 praecator-e
1956 3828 1968 3842 .
2040 3807 2067 3835 e
2106 3786 2443 3837 emisidicatio
2480 3786 2711 3851 repetitur
2740 3786 2791 3833 in
2830 3788 3060 3854 margine
3104 3807 3157 3839 ut
3190 3810 3263 3839 no-

1117 3864 1269 3918 tabile
1304 3860 1602 3912 uocabulum
1634 3892 1648 3907 .
1712 3856 1754 3935 f
1781 3862 1904 3911 Cod.
1954 3860 2215 3911 uidebatur
2268 3858 2449 3905 habere
2494 3855 2717 3907 locurum
2752 3888 2769 3901 .

1200 4024 1500 4086 1Esthaec
1519 4024 2153 4102 causidicatioearptim
2234 4019 2456 4095 minius
2522 4042 2610 4100 ep.
2668 4044 2757 4082 vx.
2820 4045 2895 4085 υ
2954 4028 3263 4087 ueritatem

1115 4127 1172 4171 et
1207 4108 1375 4172 κατεῖ
1407 4106 1754 4187 κεφάλαια,
1786 4116 1849 4173 id
1868 4130 1952 4173 est
1988 4116 2151 4193 capi·
2232 4106 2424 4167 statim
2460 4106 2721 4167 ostendi.

1113 4196 1348 4265 tulatim
1387 4200 1636 4278 scripta,
1687 4220 1801 4277 quo
1836 4219 2045 4277 genere
2070 4197 2150 4255 ait
