3384 5134
1037 429 1078 480 2
1640 420 1760 472 An
1836 423 1951 470 ·1u·
2032 418 2557 500 cai-,sanam

1039 547 1296 597 manus
1333 534 1566 596 tenere
1594 573 1618 614 ,
1653 520 1899 619 ipsum
1928 517 2231 620 denique
2277 515 2488 590 illum
2526 513 2793 617 pedem
2814 526 2837 562 ¹
2878 573 2902 612 .,
2950 543 3186 618 quan-

1040 657 1200 718 tum
1249 641 1394 716 sine
1440 640 1925 719 incommodo
1976 641 2431 740 fierisposset
2480 696 2502 735 ‚
2566 636 2965 712 adtrectare
3022 665 3191 710 sen-

1045 765 1187 838 sim
1211 819 1234 856 .,
1287 763 1364 834 in
1410 761 1667 834 balneo
1726 761 1969 834 fouere
1997 817 2019 856 ,
2085 761 2509 860 ingredienti
2554 786 2850 832 manum
2900 759 3190 832 subice-

1039 911 1117 960 re
1155 939 1171 954 .
1198 884 1298 956 Et
1332 895 1408 953 tu
1439 907 1558 954 me
1581 881 1905 956 amicum
1937 905 2157 955 uocas
2182 937 2204 976 ‚
2248 881 2372 982 qui
2410 907 2557 954 non
2584 879 2911 980 abruptis
2946 879 3189 952 domi-

1042 1005 1180 1080 bus
1211 1019 1243 1054 ⁸
1282 1029 1494 1078 cursu
1525 1011 1863 1078 maximo
1898 995 1935 1050 ¹³
1969 995 2337 1103 paruolo?
2370 1004 2529 1100 Ego
2563 1026 2734 1074 uero
2764 1000 2989 1096 magis
3026 1026 3194 1072 sum

1045 1123 1342 1198 claudus
1370 1149 1598 1224 quom
1629 1123 1767 1195 ista
1794 1149 1952 1196 mea
1975 1111 2399 1196 uerecundia
2430 1123 2663 1192 immo
2692 1119 2975 1218 pigritia
3000 1176 3015 1190 .
3048 1113 3183 1223 [O]

1044 1269 1166 1316 me
1199 1247 1216 1316 ἒ
1275 1242 1454 1342 quid
1493 1242 1775 1315 dicam!
1822 1254 2073 1314 metuo
2110 1240 2501 1340 quicquam
2540 1239 2776 1311 dicere
2801 1295 2823 1334 ‚
2880 1240 3077 1340 quod
3109 1254 3194 1312 tu

1043 1365 1290 1438 audire
1320 1363 1508 1438 nolis
1537 1397 1554 1434 ε
1603 1390 1773 1436 nam
1809 1377 1889 1436 tu
1916 1362 2215 1463 quidem
2252 1389 2368 1436 me
2398 1362 2601 1436 omni
2632 1361 2859 1434 modo
2898 1361 3188 1434 conisus

1038 1513 1115 1560 es
1143 1483 1582 1559 iocularibus
1625 1483 1784 1556 istis
1833 1483 1974 1556 tuis
2026 1507 2111 1556 ac
2158 1481 2627 1583 lepidissimis
2656 1482 2893 1555 uerbis
2916 1509 2982 1592 ‘a
3016 1505 3190 1552 cura

1043 1633 1380 1680 amouere
1416 1663 1438 1702 ‚
1487 1617 1702 1706 atque
1740 1621 1809 1680 te
1862 1607 2109 1678 omnia
2163 1607 2295 1678 ista
2338 1632 2563 1706 aequo
2615 1605 2858 1677 animo
2908 1605 3193 1705 perpeti

1040 1748 1257 1825 posse
1285 1722 1654 1796 ostendere
1679 1779 1699 1794 .
1730 1722 1831 1797 At
1862 1749 1995 1820 ego
2034 1723 2160 1796 uhi
2185 1724 2465 1796 animus
2499 1749 2701 1796 meus
2734 1723 2866 1808 sit,
2902 1725 3143 1796 nescio
3168 1757 3189 1794 ε

1043 1842 1183 1914 nisi
1227 1840 1372 1915 hoc
1409 1842 1564 1916 scio
1593 1897 1616 1936 .,
1643 1841 1773 1916 illo
1824 1843 2069 1917 nescio
2114 1869 2264 1944 quo
2316 1841 2410 1916 ad
2469 1856 2539 1914 te
2568 1842 2980 1942 profectum
3020 1869 3192 1914 eum

1039 1989 1194 2035 esse
1221 2019 1238 2034 .
1275 1963 1466 2036 Cura
1492 2018 1514 2057 ‚
1551 1962 1885 2037 miserere
1912 2019 1936 2058 .,
1970 1961 2173 2035 omni
2212 1962 2673 2062 temperantia
2702 2017 2724 2056 ,
2762 1961 3191 2061 apstinentia

1046 2106 1341 2154 omnem
1375 2083 1586 2154 istam
1622 2081 1759 2156 tibi
1793 2107 1933 2184 pro
1987 2096 2105 2154 tua
2146 2082 2413 2154 uirtute
2463 2080 2905 2155 tolerandam
2932 2137 2955 2176 .‚
3006 2080 3191 2152 mihi

1041 2231 1214 2278 uero
1270 2201 1741 2306 asperrimam
1795 2206 2444 2306 nequissimamque
2472 2260 2493 2298 .‚
2536 2199 3017 2276 ualetudinem
3062 2201 3189 2275 de-

1037 2324 1301 2428 pellere
1327 2382 1344 2397 .
1379 2329 1478 2400 Et
1509 2335 1580 2401 si
1617 2341 1648 2376 ⁰
1680 2327 1773 2400 ad
1806 2355 2026 2428 aquas
2058 2319 2547 2426 proficisceris
2578 2356 2599 2420 ς
2636 2339 2710 2397 et
2733 2324 3021 2425 quando
3054 2355 3075 2417 ς
3112 2337 3190 2395 et

1042 2469 1230 2516 nunc
1265 2459 1346 2516 ut
1375 2444 1773 2518 commode
1804 2469 2009 2542 aga83
2059 2445 2211 2517 cito
2246 2493 2268 2539 ‚
2322 2471 2451 2518 oro
2482 2501 2505 2540 .,
2540 2445 2903 2546 perscribe
2950 2444 3131 2516 mihi
3161 2499 3185 2538 .,

1038 2581 1112 2639 et
1151 2581 1466 2639 mentem
1509 2589 1749 2639 meam
1784 2568 1855 2637 in
1881 2581 2133 2667 pectus
2170 2589 2417 2640 meum
2450 2591 2714 2670 repone
2744 2622 2761 2637 .
2810 2569 2968 2664 Ego
3002 2567 3187 2638 inte-

1041 2688 1184 2760 'rim
1231 2688 1344 2760 uel
1395 2685 1568 2760 tales
1593 2701 1775 2781 ,tuas
1824 2679 2098 2761 litteras
2130 2712 2421 2761 mecum
2453 2687 2747 2785 gestabo
2777 2742 2794 2757 .
2862 2687 3047 2760 Uale
3076 2687 3189 2759 mi

1043 2807 1322 2880 Fronto
1362 2806 1881 2880 iucundissime
1910 2801 1951 2858 ‘¹
1985 2859 2006 2880 ..
2046 2811 2510 2910 Quamquam
2562 2803 2663 2881 ita
2712 2834 2829 2880 me
2889 2805 2999 2880 dis
3034 2833 3185 2906 po·-

1042 2927 1183 2999 tius
1217 2937 1248 2972 ²
1283 2926 1521 3001 dicere
1554 2939 1849 3028 oportet
1876 2915 2103 3022 3'nam
2140 2941 2216 3001 tu
2262 2923 2559 3028 quidem
2598 2954 2885 3028 semper
2912 2953 3075 3000 aues
3104 2917 3185 3020 ῖς

1042 3073 1086 3120 o
1121 3045 1244 3146 qui
1277 3047 1542 3149 ubique
1606 3030 1779 3122 estis
1811 3049 1889 3121 di
1931 3049 2109 3123 boni
2142 3105 2163 3144 ,
2219 3047 2451 3123 ualeat
2494 3073 2631 3121 oro
2669 3074 2869 3120 meus
2906 3049 3187 3121 Fronto

1034 3165 1594 3243 iucundissimus
1639 3187 1855 3272 atque
1896 3163 2307 3245 carissimus
2354 3167 2587 3242 mihiz
2634 3169 2865 3242 ualeat
2900 3193 3190 3268 semper

1035 3285 1309 3385 integro
1343 3287 1643 3362 inlibato
1688 3284 2044 3365 incolumi
2075 3315 2381 3392 corpore
2410 3323 2429 3359 ε
2468 3289 2701 3362 ualeat
2724 3345 2746 3384 .,
2788 3303 2861 3363 et
2892 3313 3190 3364 mecum
3240 3362 3260 3376 ,

1037 3433 1190 3480 esse
1231 3411 1464 3508 possit
1495 3466 1514 3480 .
1557 3411 1805 3485 Homo
1838 3411 2287 3486 sanctissime
2339 3410 2498 3484 uale
2534 3465 2555 3482 .

1107 3599 1144 3629 a
1179 3583 1253 3630 Ita
1275 3579 1490 3652 legebam
1509 3587 1566 3634 in
1579 3585 1688 3635 cod.
1714 3579 1967 3637 domibus.
2039 3583 2070 3638 b
2104 3591 2263 3639 Locus
2291 3601 2505 3654 quatuor
2524 3587 2605 3640 vel
2630 3589 2851 3656 quinque
2870 3587 3143 3638 litterarum
3170 3623 3187 3640 .

1039 3669 1069 3700 c
1105 3653 1158 3698 Sa·
1194 3651 1324 3700 deest
1363 3673 1410 3703 m
1437 3659 1546 3704 cod.
1613 3658 1651 3704 d
1685 3658 2253 3708 coddemmdissimae.
2290 3659 2423 3708 Alibi
2459 3677 2658 3728 quoque
2692 3657 2827 3708 haud
2866 3675 2976 3709 raro
2994 3673 3189 3706 occur-

1039 3737 1158 3770 runt
1175 3722 1222 3771 in
1243 3723 1352 3771 cod.
1371 3728 1566 3776 uitiosae
1589 3727 1879 3798 diphthongi
1897 3764 1909 3777 .
1980 3747 2005 3777 e
2043 3729 2254 3781 Schedae
2272 3746 2431 3790 meae,
2454 3747 2580 3795 quae
2603 3745 2715 3781 runt
2740 3729 2889 3780 ueluti
2911 3732 3069 3797 imago
3092 3745 3189 3779 co-

1040 3792 1160 3843 ὅθί*
1185 3829 1198 3852 ι
1229 3793 1414 3850 habent
1434 3799 1707 3867 dispositus
1724 3835 1737 3848 .
1792 3799 1840 3872 f
1864 3801 1978 3850 Seh.
2001 3819 2053 3849 es
2072 3821 2091 3866 3
2112 3803 2230 3851 olim
2248 3815 2406 3852 tamen
2427 3799 2560 3850 edidi
2578 3819 2699 3851 moes
2722 3802 2919 3852 meliore
2938 3799 3149 3851 lectione
3176 3835 3191 3850 .

1133 3958 1154 3992 ι
1197 3938 1478 4011 Loquitur
1493 3941 1717 3996 Marcus
1740 3940 1813 3996 de
1831 3945 2079 3998 Fronto·
2158 3941 2483 4012 24.Gellius
2513 3955 2705 4008 alitem
2738 3945 2813 4002 ll.
2851 3945 2927 4001 26
2963 3940 3189 4000 diserte

1037 4021 1128 4078 nis
1147 4018 1276 4074 arth
1287 4021 1331 4076 ri
1343 4036 1352 4075 ι
1365 4022 1422 4076 id
1432 4022 1572 4090 e,cui
1581 4041 1644 4077 us
1663 4043 1835 4100 saepe
1856 4027 2071 4084 mentio
2155 4039 2349 4082 narrat
2368 4045 2429 4081 se
2448 4025 2707 4083 inuisisse
2719 4029 3189 4086 Frontonemno·

1039 4118 1124 4160 est
1167 4102 1224 4158 in
1262 4103 1417 4161 hisce
1452 4105 1718 4180 epistulis
1752 4149 1769 4173 ,
1814 4128 1919 4165 nec
1952 4129 2071 4166 non
2151 4123 2333 4167 strum
2364 4109 2618 4191 pedibus
2640 4128 2879 4187 aegrum
2896 4149 2914 4165 .

1039 4184 1198 4265 apud
1217 4187 1654 4248 Artemidorum
1675 4189 1749 4248 de
1772 4212 1951 4250 somn.
1972 4215 2059 4252 ιν.
2515 4213 2533 4220 ·
