3384 5134
743 487 1199 540 ruem-,Nn
1262 487 1631 538 mserum
2097 460 2250 542 335

94 597 217 656 est
238 627 265 678 ι,
307 583 371 656 si
431 582 655 656 addas
694 591 973 658 mutuis
1000 641 1025 680 .,
1082 598 1265 657 cum·
1299 591 1681 658 amicitiae
1731 596 2116 683 utrumque
2159 584 2259 658 si-

100 705 451 802 gnificent
486 759 510 799 ,
584 706 770 776 sicut
830 706 1110 777 Fronto
1166 719 1467 779 testatur
1506 759 1525 774 .

218 853 408 898 nunc
474 854 701 900 m‘rzn
742 881 761 896 .
809 827 949 899 Per
1028 825 1221 898 hunc
1260 881 1280 897 .
1356 823 1728 900 Terentius
1767 879 1786 895 .
1841 828 2050 898 Dum
2114 850 2245 896 rus
2348 822 2586 948 Ago-⁸²¹¹·
2625 833 2728 873 '¹¹-

96 971 197 1018 eo
236 1001 257 1034 ,
297 951 515 1047 coepi
575 961 857 1046 egomet
904 973 1189 1019 mecum
1262 951 1459 1020 inter
1522 949 1695 1018 uias
1727 997 1748 1014 .
1815 941 1952 1014 Est
2017 952 2259 1013 autem

100 1063 365 1137 crebra
420 1066 807 1155 Frontonis
858 1064 1174 1141 elocutio
1213 1123 1233 1140 .

214 1209 457 1259 ,tunso
516 1213 593 1260 m
635 1209 869 1260 inum
904 1213 1057 1262 neu
1087 1241 1107 1259 .
1158 1187 1299 1260 Est
1352 1185 1685 1286 specialis
1745 1181 2064 1257 Cornelii
2105 1179 2259 1255 elo-
2431 1195 2555 1258 44⁵·

99 1309 313 1384 cutio
354 1320 375 1355 ¹
411 1361 433 1378 .

216 1451 642 1513 rULuostn
696 1453 877 1503 nuri
935 1455 1029 1500 nn
1086 1453 1319 1502 ratu:
1364 1448 1742 1502 cunnos.
1791 1424 2110 1498 Galerus
2145 1445 2262 1519 ge-
2432 1429 2556 1482 ⁶8⁸·

102 1576 245 1622 nus
294 1561 402 1620 est
457 1546 682 1648 pilei,
734 1549 939 1650 quod
992 1551 1273 1624 Fronto
1348 1549 1593 1648 genere
1664 1559 1920 1621 neutro
2003 1542 2186 1616 dicit
2233 1597 2261 1640 ,

102 1672 259 1744 hoc
307 1670 641 1769 galerum
668 1723 689 1743 .
736 1723 739 1726 -

157 1906 317 1989 Ex
356 1905 869 2004 ‚Planciade
930 1907 1383 2026 Fulgentio
1447 1939 1629 1993 uoc.
1707 1908 2134 1996 iustitium
2180 1962 2208 1984 .

216 2145 495 2220 Fronto
532 2150 855 2224 oratione
905 2177 1045 2252 pro
1088 2150 1465 2226 Nucerinis
1520 2149 1621 2223 ait
1654 2205 1673 2219 .
1727 2150 2086 2248 Denique
2144 2146 2268 2215 iu-

104 2269 407 2338 stitium
438 2266 651 2366 plebi
702 2273 1087 2346 indicitur.
1118 2327 1135 2344 .

886 2510 975 2592 E
973 2537 1043 2592 x
1104 2505 1430 2596 Isidoro
1466 2572 1491 2592 .

218 2770 499 2825 cincun
568 2762 679 2824 est
722 2778 765 2824 a
824 2778 969 2853 quo
1012 2737 1493 2855 prohibemur
1538 2752 1735 2826 exire
1794 2805 1822 2847 .,
1902 2769 1978 2830 et
2023 2754 2266 2832 dictus
2367 2747 2662 2882 ³223*

108 2895 377 2944 carcer
429 2897 471 2942 a
520 2877 934 2948 coercendo
959 2931 978 2947 .
1043 2876 1232 2948 Hinc
1280 2878 1559 2949 Fronto
1587 2907 1609 2946 ε
1668 2889 1758 2948 ut
1784 2866 2262 2977 pergraecari
2439 2851 2456 2866 ⁰

96 2993 372 3089 potius
438 2998 769 3068 amoenis
822 2994 1017 3072 locis
1044 3050 1067 3088 ,
1114 3021 1337 3104 quam
1394 3000 1730 3074 coerceri
1778 3021 2077 3077 carcere
2129 3003 2262 3076 ui·-

111 3110 477 3182 derentur
504 3121 539 3162 ²
575 3165 597 3186 .

214 3360 231 3396 ι
284 3337 618 3398 Cornelium
650 3344 1003 3400 Frontonem
1050 3361 1151 3400 re-
1235 3340 1384 3400 diis?
1402 3339 1525 3402 Nisi
1551 3360 1705 3398 uana
1723 3357 1848 3397 mea
1867 3337 2118 3416 suspicio
2141 3347 2263 3406 est,

114 3421 375 3483 ctissime
411 3421 543 3479 heic
592 3424 871 3482 intellexit
908 3426 1155 3482 Doruil-
1232 3424 1580 3502 particulam
1597 3421 1878 3480 habemus
1897 3439 1964 3475 ex
1998 3421 2120 3478 eius
2136 3438 2268 3475 ora-

113 3506 243 3566 lius
262 3547 277 3560 .
290 3505 629 3562 Notandum
653 3507 827 3566 etiam
844 3507 1031 3568 Seruii
1050 3528 1153 3564 uo·
1234 3507 1389 3564 tione
1409 3507 1687 3566 aduersus
1703 3501 2066 3562 Christianos
2088 3543 2102 3557 .
2122 3505 2264 3559 Cer-

110 3585 397 3648 eubulum
427 3593 675 3648 elocutio
713 3590 803 3649 bis
834 3593 947 3648 inm
990 3609 1149 3647 usur-
1235 3603 1292 3650 te
1325 3589 1537 3648 horum
1572 3591 1633 3646 in
1652 3585 2000 3644 eruciatibus
2034 3596 2092 3642 et
2122 3602 2264 3640 nece

104 3684 323 3750 patum
358 3689 487 3728 eum
532 3691 717 3730 sermo
752 3673 826 3730 de
862 3677 1152 3732 Frontone
1236 3673 1553 3732 constantia
1572 3683 1746 3746 atque
1779 3666 2050 3726 alacritas
2083 3685 2266 3743 prae-

109 3767 211 3812 est
234 3797 248 3810 .
271 3755 453 3810 Porro
488 3753 547 3810 in
569 3756 851 3832 exemplis
868 3756 1155 3814 elocutio-
1238 3756 1406 3832 cipue
1426 3755 1632 3814 urebat
1650 3749 1848 3810 oculos
1869 3749 2258 3808 ethnicorum.

106 3857 262 3894 num
296 3836 574 3893 Frontoni
612 3837 905 3917 inscriptis
950 3859 1149 3898 occur·
1228 3837 1439 3900 Confer
1474 3835 1792 3896 Minucium
1826 3853 1950 3912 cap.
1989 3853 2129 3897 vm,
2157 3832 2258 3887 ·M·

105 3931 257 3978 runt
290 3917 467 3976 uerba
499 3921 677 3978 ardeo
696 3929 760 3981 ἰιι
790 3927 959 3982 illam
992 3944 1112 3981 rem
1132 3963 1146 3978 .
1232 3920 1537 3978 Aurelium
1574 3921 1649 3979 de
1684 3917 1804 3976 reb.
1841 3937 1928 3973 ιι.
1966 3915 2000 3974 3
2023 3955 2040 3984 ,
2063 3911 2264 3987 ibique

201 4022 233 4060 2
282 4002 435 4058 Num
501 4001 785 4078 loquitur'
808 4008 1027 4064 Fronto
1078 4005 1151 4062 de
1234 4001 1347 4060 alia
1396 4001 1724 4066 testimonia
1789 3999 1852 4058 in
1885 3997 2022 4058 ndu.
2079 3998 2266 4058 Gata-

110 4081 567 4144 christianorum
622 4099 941 4168 martyrum
1007 4109 1159 4169 gnu—
1237 4083 1369 4144 keri
1390 4127 1419 4144 r
