3384 5134
1019 463 1333 520 'bruna
1391 469 1420 518 1

2214 469 2303 548 ¹7

149 565 564 646 sanciuntur
589 619 608 636 .
659 559 892 638 Tanto
931 565 1172 640 maior
1220 567 1358 642 tibi
1411 565 1522 642 uis
1553 581 1628 642 et
1654 581 1975 668 potestas
2000 623 2023 664 ,
2078 597 2302 673 quam

143 689 288 762 satis
329 685 718 765 adtributa
748 699 856 758 est
887 717 907 756 ε
932 685 1082 758 fata
1121 686 1302 785 quid
1348 688 1636 787 singulis
1669 704 2001 764 nostrum
2026 693 2309 769 eueniat

141 822 502 901 statuunt3
553 821 634 881 tu
665 803 796 878 uhi
843 805 1020 904 quid
1059 804 1136 878 in
1187 806 1504 904 singulos
1551 808 1877 881 decernis
1904 866 1929 905 .,
1976 793 2083 882 ibi
2138 811 2307 883 uui-

137 933 372 1004 uersos
439 927 792 1027 exemplo
851 925 1280 1026 adstringis.
1329 930 1566 1020 Quare
1615 929 1678 1004 si
1722 931 1870 1004 hoc
1926 930 2303 1004 decretum

141 1051 264 1124 tibi
341 1073 654 1148 procos.
701 1059 723 1094 ¹
778 1046 1136 1147 placuerit
1171 1105 1193 1144 ‚

1253 1049 1568 1123 formam
1621 1049 1902 1126 dederis
1968 1049 2307 1124 omuibus

139 1173 464 1248 omnium
497 1169 1060 1271 prouinciarum
1101 1172 1638 1270 magistratibus
1671 1173 1849 1273 quid
1881 1173 2307 1270 inpeiusmo-

141 1295 212 1368 di
241 1291 480 1366 causis
523 1291 914 1363 decernant
943 1345 960 1360 .
997 1289 1197 1381 Quid
1265 1291 1482 1388 igitur
1537 1295 1815 1365 eueniet
1845 1283 1884 1364 ?
1916 1291 2097 1365 illud
2150 1290 2303 1364 sci-

139 1415 305 1488 licet
331 1471 354 1508 .‚
407 1425 500 1486 ut
535 1425 960 1486 testamenta
1017 1410 1264 1483 omnia
1297 1439 1388 1484 ex
1430 1410 1839 1513 longinquis
1888 1409 2305 1486 transmari-

141 1537 240 1608 nis
268 1532 678 1635 prouinciis
709 1533 1030 1606 Romam
1069 1530 1162 1604 ad
1215 1533 1705 1630 cognitionem
1734 1551 1932 1608 tuam
1976 1533 2301 1606 deseran-

145 1673 296 1730 tur.
336 1655 572 1730 Filius
616 1654 1126 1728 exheredatum
1157 1679 1230 1728 se
1270 1656 1796 1756 suspicabitur,
1832 1651 2238 1754 postulauit
2264 1664 2299 1700 ¹²

147 1805 226 1852 ne
247 1779 472 1880 patris
506 1776 792 1850 tabulae
823 1777 1234 1877 aperiantur
1253 1833 1271 1848 .
1301 1777 1510 1852 Idem
1541 1778 1684 1851 filia
1714 1775 2153 1877 postulabit,
2180 1801 2305 1846 ne-

151 1925 316 1998 pos,
349 1899 678 1999 abnepos
697 1953 720 1990 .‚
751 1899 966 1972 frater
995 1953 1016 1991 ‚
1051 1897 1531 1970 consobrinus
1551 1953 1574 1992 7
1602 1912 1899 1998 patruus
1926 1952 1949 1990 ,
1980 1919 2299 1968 auuncu-

153 2018 250 2092 lus
271 2076 296 2115 ,
331 2019 598 2114 amita,
651 2033 1030 2094 matertera
1059 2075 1082 2114 .,
1131 2020 1378 2093 omnia
1409 2019 2017 2093 necessitudinum
2048 2018 2297 2091 nomi-

153 2164 234 2212 na
281 2141 426 2216 hoc
471 2139 941 2242 priuilegium
977 2142 1364 2238 inuadent,
1415 2157 1500 2216 ut
1548 2141 1829 2216 tabulas
1867 2141 2127 2241 aperiri
2170 2146 2305 2214 'ue-

218 2360 254 2392 a
285 2343 360 2394 Ita
393 2345 506 2396 cod.
541 2362 640 2414 pro
661 2343 996 2417 Ροεειιὶαόἱες
1029 2362 1332 2418 quamquam
1369 2343 1522 2414 paulo
1544 2325 1660 2416 poit
1698 2343 1929 2397 scribitur
1968 2361 2099 2396 recte
2116 2356 2305 2414 postu·-

163 2411 282 2464 lette
305 2449 320 2464 .

163 2565 378 2628 missum
395 2592 516 2630 esse
548 2570 630 2628 ad
651 2575 904 2634 Marcum
925 2617 942 2642 ,
969 2574 1183 2634 docent

161 2651 416 2713 foliorum
453 2651 868 2733 inscriptiones
885 2704 899 2717 .
921 2662 1182 2716 Marcum

165 2745 374 2806 autem,
409 2739 652 2798 uiuente
685 2741 824 2810 Pio,
859 2743 1186 2818 imperato-

167 2837 272 2874 rem
303 2819 474 2878 fuisse
521 2822 922 2900 appellatum,
961 2837 1183 2881 constat

167 2919 226 2958 ex
243 2899 477 2979 epistula
495 2903 809 2963 uoluminis
826 2905 936 2966 mei
956 2908 1142 2982 prima
1158 2951 1172 2964 .

167 2985 452 3043 Praeterea
483 2986 776 3066 legendus
831 3004 918 3050 est
963 2991 1175 3064 Pagius

169 3067 282 3122 crit.
319 3089 444 3124 ann.
485 3093 726 3130 exuru-
761 3081 808 3142 §-
846 3095 975 3132 xvi.
1012 3071 1176 3131 Nihil

171 3157 338 3208 tamen
363 3151 550 3210 obstat
569 3197 590 3223 ‚
611 3153 750 3232 quin
773 3153 957 3214 oratio
974 3153 1184 3214 recita-

173 3241 224 3286 ta
252 3233 410 3292 suerit
435 3257 636 3296 coram
669 3239 806 3296 Tito
825 3239 990 3316 imp„
1011 3240 1182 3296 missa

173 3331 294 3373 uero
323 3319 394 3375 ad
411 3322 672 3378 Marcum
695 3363 710 3378 .
747 3322 905 3394 Quin
941 3321 1086 3379 adeo
1105 3321 1188 3378 il-

172 3393 224 3450 l·
253 3413 330 3456 est
359 3401 596 3460 fortasse
633 3405 942 3462 Frontonis
989 3403 1177 3462 oratio

111 3489 120 3499 ⁰
171 3497 324 3555 quam
351 3486 570 3542 Marcus
587 3489 802 3544 Caesar
819 3488 954 3545 Tito
974 3488 1182 3545 recita-

175 3563 248 3618 uit
267 3607 282 3632 ,
327 3586 529 3644 suaque
591 3589 772 3627 manu
819 3569 1130 3647 descripsit
1161 3611 1176 3626 .

173 3649 200 3714 (
213 3649 406 3708 Confer
423 3671 510 3728 ep.
535 3661 670 3725 vr.)
691 3655 884 3728 Atque
901 3651 1015 3710 hac
1045 3654 1186 3709 item

175 3727 388 3791 fortasse
418 3733 491 3791 de
525 3755 698 3792 causa
755 3756 884 3794 cum
917 3734 1188 3812 epistulis

177 3809 242 3866 ad
275 3817 510 3874 Marcum
533 3818 806 3894 copulata
844 3819 985 3876 suit.

255 3915 274 3950 ι
319 3899 399 3955 Ita
421 3899 548 3960 cod.
569 3903 694 3958 lam
717 3902 766 3958 si
787 3901 991 3978 legere
1011 3920 1186 3978 opor-

181 3985 252 4032 021
293 3989 662 4054 proconsulis
691 4025 708 4050 ,
759 3997 823 4041 ut
877 3997 1073 4042 censet
1125 3983 1186 4040 in

181 4075 264 4114 na
277 4059 616 4124 serotine-si
651 4067 910 4124 editione
932 4066 1022 4124 ill.
1050 4062 1185 4126 Nie-

185 4137 428 4216 buhrius,
465 4149 922 4225 intelligendum
957 4163 1040 4206 est
1074 4149 1185 4207 de-

187 4237 378 4284 cretum
409 4233 630 4293 asiatici
647 4233 1016 4314 proconsulis
1031 4277 1054 4310 ,
1089 4230 1190 4314 qui

277 4327 442 4406 Vol.
473 4332 545 4409 l.

1263 2572 1542 2632 heredem
1586 2573 1914 2652 legitimum
1956 2571 2017 2630 in
2064 2589 2301 2649 posses-

1265 2657 1486 2716 sionem
1521 2660 1807 2718 bonorum
1828 2657 2062 2714 miserat
2082 2699 2099 2726 ,
2122 2667 2303 2712 testa-

1264 2755 1520 2800 mentum
1565 2764 1707 2802 uero
1750 2741 2119 2818 obsignatum
2172 2739 2301 2795 Ro·-

1267 2844 1418 2881 mam
1456 2826 1532 2883 ad
1566 2825 1707 2904 imp.
1750 2825 1964 2884 deferri
2017 2825 2298 2880 iusserat.

1258 2905 1358 2964 Sin
1393 2909 1546 2964 forte
1567 2907 1883 2983 legendum
1929 2920 2017 2964 est
2045 2923 2303 2983 procon-

1257 2994 1411 3060 suli,
1433 2992 1484 3048 is
1522 2991 1721 3048 titulus
1755 2992 2007 3046 refertur
2043 2989 2119 3044 ad
2142 2989 2301 3042 Mar·

1264 3093 1394 3129 cum
1425 3115 1442 3141 ‚
1491 3073 1589 3149 qui
1647 3093 1853 3149 reapse
1898 3071 2131 3127 uiuente
2196 3067 2301 3123 Pio

1263 3156 1684 3232 proconsulare
1771 3151 2081 3230 im'perium
2144 3162 2303 3207 exn-n

1265 3239 1510 3308 urbem,
1545 3237 1769 3295 scilicet
1806 3237 1867 3293 in
1900 3255 2097 3294 omnes
2131 3231 2307 3288 ditio-

1267 3321 1359 3378 nis
1391 3341 1668 3379 romanae
1685 3318 2020 3398 prouincias
2039 3361 2057 3388 ‚
2097 3315 2305 3390 gessit,

1264 3415 1410 3462 teste
1447 3404 1703 3480 Capitol.
1745 3404 1844 3460 uit.
1891 3423 1958 3461 vr
1999 3423 2013 3455 =
2066 3407 2307 3476 praeter

1263 3493 1436 3562 quain
1471 3488 1630 3564 quod
1665 3485 1821 3542 idem
1846 3489 2070 3542 Marcus
2091 3479 2309 3538 dicitur

1266 3569 1590 3646 imperator
1639 3568 1811 3626 simul
1886 3581 1941 3625 et
1997 3563 2309 3642 proconsul

1269 3665 1520 3729 quatuor
1553 3652 1614 3708 in
1645 3651 2127 3730 inscriptionibus
2146 3651 2312 3708 Gru-

1274 3748 1378 3792 ter.
1413 3756 1670 3794 cctvm.
1706 3739 1763 3796 6.
1792 3759 1843 3816 7.
1883 3755 2047 3792 cccx.
2092 3753 2139 3790 ι.
2176 3735 2313 3788 Μιι-

1271 3831 1450 3876 rator.
1486 3839 1654 3876 conv.
1692 3840 1749 3876 2.
1787 3823 1873 3876 De
1892 3813 2307 3894 proconsulatu

1271 3897 1691 3979 imperatorum
1720 3913 1775 3958 et
1794 3905 2101 3958 Caesarum
2126 3899 2309 3974 Span-

1269 3983 1424 4040 hem.
1451 3984 1524 4042 de
1564 4005 1649 4043 us·
1685 4005 1842 4040 num.
1886 3984 2019 4041 diss.
2056 4002 2168 4040 ιιι.
2216 3999 2254 4056 9
2286 4003 2306 4046 ;

1267 4066 1575 4126 Mazzolen.
1613 4081 1654 4124 t.
1704 4069 1747 4125 Ι.
1782 4066 2033 4124 animad.
2094 4085 2207 4124 vu.
2245 4063 2307 4120 in

1266 4169 1422 4206 num.
1461 4169 1606 4208 mus.
1647 4149 1767 4227 pi53
1804 4149 2047 4210 Eekhel·
2082 4159 2125 4207 t.
2166 4141 2311 4208 me

1270 4253 1338 4314 p,
1372 4233 1510 4296 338.
1553 4253 1676 4312 sqq.

1901 4358 1949 4407 2
