3384 5134
978 428 1288 477 tinen
1359 430 1421 479 n
2125 417 2257 491 161

111 524 230 599 uel
257 519 726 626 philosophia
751 519 867 593 uel
889 518 976 593 de
999 547 1072 593 re
1093 548 1166 621 p.
1186 520 1578 621 disputatio
1601 558 1619 595 ε
1642 540 1997 625 praeterea
2028 532 2273 634 siquid

109 647 424 745 eleganti
455 658 580 717 aut
597 628 824 715 'uerbo
849 642 1152 715 notabili
1174 644 1456 718 dictum
1483 646 1881 743 uideretur,
1913 656 2266 754 excerpsi.

112 771 324 859 Quae
356 768 430 839 in
475 793 605 839 usu
633 789 798 837 meo
825 762 918 837 ad
950 782 1248 839 manum
1277 783 1476 842 erant
1511 786 1850 870 excerpta
1880 826 1901 865 ‚
1942 774 2109 851 misi
2162 776 2265 846 ti·-

107 888 236 960 hi1
271 944 292 960 .
349 888 528 960 Tres
577 883 806 957 libros
841 940 864 977 .,
923 884 1105 959 duos
1129 886 1224 961 ad
1261 888 1566 961 Brutum
1604 945 1627 984 .,
1685 915 1909 967 unum
1960 890 2053 965 ad
2084 894 2271 967 Axi..

109 1032 246 1079 um
290 1020 367 1101 ²,
403 1003 714 1078 describi
745 1002 1024 1077 iubebis
1059 1060 1082 1097 .‚
1137 1007 1375 1107 siquid
1399 1010 1501 1083 rei
1551 1037 1701 1084 esse
1736 1012 2095 1085 uidebitur
2130 1070 2153 1107 .,
2188 1028 2263 1095 et

111 1126 443 1199 remittes
479 1124 663 1195 mihi
704 1156 726 1194 t
782 1150 952 1195 nam
996 1126 1436 1226 exemplares
1490 1121 1527 1178 b
1577 1157 1833 1205 eorum
1886 1147 2267 1231 excerpto-

111 1272 282 1319 rum
337 1242 596 1319 nullos
629 1244 766 1317 feci
809 1299 830 1316 .
895 1247 1162 1319 Omnes
1209 1262 1446 1321 autem
1498 1247 1865 1327 Ciceronis
1922 1249 2265 1352 epistulas

115 1362 450 1463 legendas
486 1390 737 1440 censeo
773 1392 930 1441 mea
970 1368 1310 1441 sententia
1343 1424 1366 1463 .,
1416 1369 1528 1442 uel
1561 1372 1787 1469 magis
1828 1398 2047 1473 quam
2105 1396 2267 1445 om-

113 1510 238 1556 nes
294 1484 448 1557 eius
484 1485 840 1559 orationes
879 1540 898 1555 .
951 1484 1304 1585 Epistulis
1338 1486 1703 1564 Ciceronis
1740 1489 1919 1575 nihil.
1956 1502 2065 1564 est
2102 1514 2267 1589 per-v

117 1606 380 1678 sectius
413 1616 448 1653 2
485 1662 505 1675 .

670 1872 782 1919 Vl·
829 1873 1122 1923 DOMINO
1157 1872 1310 1921 MEO
1363 1872 1654 1930 rnoNTo
1686 1902 1709 1918 .

287 2094 668 2185 Quam-‚m
708 2148 726 2164 .
761 2148 780 2163 .
821 2088 1312 2177 sollicitudine
1347 2144 1367 2160 .
1397 2142 1416 2159 .
1456 2090 1556 2163 ud
1609 2102 1736 2163 tuo
1754 2083 1784 2161 ⁴.
1818 2090 1981 2182 Quo
2013 2101 2045 2139 c
2076 2144 2097 2161 .
2126 2146 2145 2163 .
2185 2145 2203 2161 .
2234 2146 2259 2169 .,
2358 2107 2631 2160 mrum
2666 2108 2752 2157 m*

2228 2251 2248 2266 ·
2355 2251 2628 2304 Tremo,

121 2332 158 2390 3
211 2351 432 2411 tatem
467 2334 808 2408 historiae
865 2347 1112 2433 aptam
1163 2355 1389 2431 neque
1443 2326 1646 2403 illam
1691 2326 2267 2405 moderationem

119 2458 436 2533 orationi
469 2452 1112 2531 accommodatam
1153 2508 1169 2523 .
1209 2453 1503 2550 Figuras
1534 2452 1753 2524 etiam
1776 2504 1799 2546 ,
1837 2476 2008 2551 quas
2040 2454 2271 2529 Grae-

121 2580 194 2651 ci
215 2572 258 2627 d
289 2579 601 2674 σχήματα
622 2589 894 2651 uocant
917 2632 938 2669 ‚
1004 2574 1216 2647 illum
1239 2572 1582 2645 historiae
1615 2627 1638 2666 .,
1680 2572 1875 2645 hunc
1903 2568 1937 2631 4
1964 2573 2271 2648 orationi

121 2714 592 2796 congruentes
615 2698 1014 2772 adhibuisse
1044 2754 1061 2769 .
1115 2692 1532 2769 Sallustium
1575 2694 1939 2769 antithetis
1970 2695 2269 2770 honeste

119 2821 554 2921 compositis
623 2846 836 2895 usum
876 2820 936 2899 ⁴¹⁴,
989 2817 1195 2893 alieni
1227 2814 1566 2916 adpetens
1621 2872 1642 2909 ‚
1701 2814 1810 2888 sui
1862 2816 2255 2922 profususg

117 2994 178 3033 „
235 2940 406 3013 satis
457 2939 947 3040 eloquentiae,
985 2938 1370 3039 sapientiae
1425 2962 1685 3037 parum
1710 2927 1747 2985 5
1782 2992 1838 3031 ‚.,
1870 2936 2268 3028 ·.P³1‘01¹0·-

117 3060 349 3133 masia
386 3062 602 3137 etiam
628 3090 774 3137 non
806 3061 1114 3137 absurda
1145 3084 1276 3133 nec
1312 3054 1572 3131 fribola
1620 3067 1652 3102 θ
1688 3110 1715 3150 ,
1768 3057 1897 3130 sed
1927 3056 2157 3157 proba
2192 3068 2267 3127 et

191 3267 228 3299 a
261 3248 338 3299 In
362 3248 668 3299 emendatum
704 3255 754 3305 in
793 3252 907 3302 cod.
945 3269 1100 3319 quum
1137 3266 1277 3302 antea
1313 3250 1547 3314 scriptum
1576 3244 1747 3295 fuis-et
1768 3240 2026 3295 Auxilium
2047 3280 2059 3293 .
2130 3239 2161 3291 b
2194 3240 2273 3291 Ita

121 3320 234 3371 cod.
269 3336 319 3369 et
355 3336 472 3371 nota
512 3322 808 3393 exemplaris
847 3325 1084 3375 substant.
1123 3342 1230 3393 gen.
1263 3336 1409 3369 masc.
1463 3334 1504 3369 *c
1538 3318 1596 3367 In
1639 3332 1865 3382 oequente
1922 3314 2095 3363 lacuna
2130 3314 2273 3377 periit

121 3389 380 3440 dimidium
413 3390 700 3442 laterculum
726 3395 876 3461 paulo
897 3395 1060 3444 minuo
1082 3431 1096 3445 .
1165 3394 1203 3441 d
1236 3390 1355 3442 eod.
1376 3406 1554 3459 graece
1579 3423 1592 3447 ,
1628 3386 1713 3436 ned
1750 3386 1803 3436 in
1820 3386 2035 3454 margine
2060 3382 2237 3435 Graeci
2256 3418 2272 3432 .

117 3462 252 3512 ‚Tum
283 3463 338 3511 in
355 3461 528 3512 eodem
547 3467 762 3537 margine
782 3476 1039 3519 sca-emata
1057 3464 1286 3515 mendose
1314 3478 1407 3529 pro
1423 3460 1676 3510 schemata
1700 3494 1713 3509 .
1770 3473 1797 3505 e
1831 3458 1905 3506 Ita
1926 3453 2036 3507 cod.
2066 3450 2095 3505 ὸ
2112 3468 2204 3521 pro
2219 3472 2273 3506 u.

213 3650 236 3685 r
283 3632 373 3687 De
419 3628 606 3687 missis
639 3632 718 3689 ad
780 3651 840 3690 se
875 3627 1154 3707 excerptis
1236 3624 1452 3685 tatione
1488 3624 1785 3702 praeferre
1814 3620 2087 3693 uidetur.
2230 3699 2245 3713 .

127 3710 344 3785 gratias
406 3712 526 3787 agit
589 3715 874 3773 Frontoni
925 3718 1154 3771 Marcus
1319 3710 1355 3769 3
1391 3710 1548 3766 Haec
1580 3727 1686 3784 ego
1713 3726 1843 3765 cum
1874 3702 2273 3783 praecedeflh-

117 3794 232 3851 lib.
271 3796 376 3851 111.
427 3796 516 3853 18.
555 3801 562 3811 ‘
1235 3792 1344 3850 bus
1375 3812 1492 3848 non
1529 3790 1775 3867 copulo,
1808 3808 1881 3845 ne
1916 3800 2127 3845 temere
2160 3783 2274 3843 alie-

206 3898 242 3934 α
289 3880 564 3935 Notemus
625 3880 931 3937 Frontonis
995 3876 1159 3933 iudi·
1239 3874 1384 3952 quid
1430 3876 1618 3932 facere
1651 3872 1903 3931 uidear:
1958 3882 2091 3927 sunt
2122 3867 2274 3929 enim

124 3963 277 4017 cium
321 3958 398 4017 de
413 3960 704 4019 Ciceronis
723 3961 983 4037 epistulis
1015 3980 1158 4037 per-
1237 3958 1300 4016 in
1331 3957 1446 4015 alio
1481 3956 1695 4015 codicis
1735 3952 1879 4012 solio
1902 3993 1915 4006 .

121 4040 543 4101 honorificum.
579 4046 729 4103 Sane
749 4056 806 4101 et
841 4043 1158 4115 Quintilia-
1325 4044 1360 4107 4
1403 4040 1686 4117 Loquitur
1734 4038 1807 4095 de
1861 4032 2055 4093 Tullio
2107 4044 2165 4091 et
2202 4031 2279 4090 de

121 4143 234 4181 nus
267 4126 400 4183 inst.
435 4149 492 4187 1.
547 4148 568 4191 ι
619 4128 952 4195 Ciceronem
1008 4127 1066 4191 in
1103 4146 1164 4181 e·
1241 4122 1550 4183 Sallustio.

121 4207 360 4288 pistulis
415 4208 790 4270 Demostheni
831 4209 954 4271 sine
988 4207 1166 4271 dubi·
1327 4204 1366 4265 5
1407 4206 1639 4265 Sallust.
1682 4206 1811 4269 Cat.
1849 4218 1971 4281 cap.
2004 4198 2085 4261 V·

223 4308 406 4388 Vol.
455 4312 526 4387 J.
1581 4332 1608 4381 1
1631 4331 1658 4379 1
