3384 5134
864 459 1648 562 invenirentur
2176 483 2313 582 187

182 614 398 691 terris
443 611 840 711 disiunctus
877 662 900 703 .,
950 604 1076 708 qui
1121 618 1190 679 te
1239 604 1316 676 in
1350 602 1652 700 uestigio
1695 621 1989 673 exorare
2042 603 2323 701 potuis-

183 760 344 811 sem
364 792 387 831 ,
455 747 567 807 tot
619 732 880 804 interea
927 725 1288 800 mensibus
1336 722 1513 796 dum
1551 748 1745 796 meas
1795 721 2067 797 litteras
2128 725 2324 798 acci-

181 858 342 957 pis,
399 854 579 926 dum
614 838 746 950 ego
771 863 932 921 tuas
965 847 1240 946 recipio
1261 900 1284 941 .,
1328 867 1500 917 cura
1529 842 2024 921 discruciabor
2046 898 2065 915 .
2093 844 2325 917 Adhi-

181 978 323 1051 beo
351 977 486 1049 tibi
522 972 1020 1071 deprecatores
1043 967 1562 1041 humanitatem
1585 967 1827 1067 ipsam
1855 998 1874 1036 ε
1904 990 2073 1038 nam
2102 978 2176 1037 et
2195 962 2321 1037 de-
2380 1046 2387 1055 .

179 1096 506 1197 linquere
539 1094 936 1165 humanum
973 1103 1083 1162 est
1104 1144 1128 1183 ‚
1153 1101 1225 1160 et
1244 1086 1562 1161 hominis
1591 1087 1907 1161 maxime
1937 1086 2322 1188 proprium
2344 1066 2365 1077 ⁶

183 1218 554 1315 ignoscere

781 1357 909 1405 ιιι.
965 1327 1402 1428 (micis-ruo
1457 1351 1608 1401 uso
1638 1322 1670 1425 )
1706 1384 1727 1399 .

393 1601 416 1617 .
451 1599 472 1625 ,
500 1597 521 1614 .
553 1556 572 1591 ¹
614 1542 719 1616 ini
757 1542 902 1617 suis
932 1539 1192 1614 litteris
1221 1531 1734 1627 subdiderunf.
1774 1538 1886 1613 Ea
1935 1564 2106 1614 uero
2140 1565 2318 1641 quae

181 1680 356 1769 post
401 1658 636 1737 meam
689 1662 1220 1764 profectionem
1281 1671 1476 1759 gesta
1541 1673 1709 1733 sunt
1745 1713 1769 1753 .,
1824 1685 1917 1735 ex
1972 1656 2227 1737 litteris
2278 1686 2323 1733 a

181 1814 302 1861 me
361 1786 645 1861 scribtis
677 1840 704 1879 .,
762 1813 803 1859 a
856 1784 1137 1881 negotio
1208 1782 1464 1883 cuique
1517 1780 1948 1885 praepositis
2013 1781 2321 1857 ducibus

184 1934 574 2005 cognosces
631 1960 650 1975 .
729 1909 999 1979 Earum
1063 1900 1501 2003 exemplaria
1563 1900 1939 1977 Sallustius
2014 1914 2261 1977 noster
2290 1954 2320 1996 ‚

179 2052 370 2101 nunc
409 2024 800 2099 Fuluianus
835 2038 912 2117 2,
968 2022 1214 2097 dabit.
1267 2024 1424 2119 Ego
1481 2047 1656 2097 uero
1716 2034 1801 2095 ut
1834 2036 1908 2097 et
1966 2020 2317 2097 consilio·-

183 2174 350 2244 rum
407 2174 738 2220 meorum
797 2148 1104 2219 rationes
1149 2169 1719 2218 commemorare
1776 2145 2015 2244 possis
2048 2198 2073 2239 ,
2126 2168 2323 2221 meas

67 2254 80 2263 ’
180 2292 469 2369 quoquc
526 2265 805 2339 litteras
834 2319 856 2349 ,
921 2261 1182 2365 quibus
1245 2262 1598 2363 quidquid
1659 2262 2045 2363 gerendum
2077 2277 2265 2337 esset
2292 2316 2319 2357 ‚

185 2386 724 2457 demonstratur
753 2440 776 2479 ,
825 2383 1114 2457 mittam
1161 2382 1292 2455 tibi
1320 2438 1338 2455 .
1389 2378 1609 2473 Quod
1658 2382 1720 2457 si
1774 2382 2091 2481 picturas
2142 2406 2324 2483 quo-

181 2532 322 2607 que
380 2505 728 2606 quasdam
789 2502 1334 2597 desideraueri3‚
1391 2502 1658 2604 poteris
1710 2528 1751 2575 a
1800 2500 2153 2580 Fuluiano
2196 2526 2321 2577 ac-

181 2628 422 2725 cipere
445 2681 464 2697 .
495 2624 854 2723 Equidem
892 2648 1035 2723 quo
1078 2624 1308 2721 magis
1347 2638 1412 2697 te
1447 2623 1653 2724 quasi
1683 2622 1758 2694 in
1799 2647 1951 2693 rem
1987 2648 2321 2723 praesen-

187 2760 336 2819 tem
398 2742 808 2817 inducerem
837 2798 858 2836 .‚
911 2742 1248 2815 maudaui
1297 2743 1548 2817 Cassio
1593 2740 1861 2817 Auidio
1924 2741 2327 2845 Martioque

179 2865 382 2937 Uero
415 2854 450 2947 ξ’·
484 2863 1046 2936 commentarios
1099 2862 1456 2961 quosdam
1497 2861 1683 2935 mihi
1732 2862 2044 2936 facerent
2076 2917 2099 2957 ‚
2140 2887 2325 2963 quos

178 2984 314 3057 tibi
349 2985 636 3057 mittam
661 3038 682 3077 ,
737 3008 830 3055 ex
875 2980 1132 3082 quibus
1187 3008 1425 3057 mores
1477 2983 1858 3057 hominum
1905 2997 1981 3056 et
2022 3007 2321 3057 censum

173 3129 432 3177 eorum
469 3127 858 3200 cognosces
879 3157 898 3173 .
952 3102 1169 3193 Quod
1208 3104 1268 3177 si
1303 3130 1419 3179 me
1451 3129 1738 3206 quoque
1771 3102 1971 3177 uoles
2006 3100 2317 3201 aliquem

179 3222 788 3293 commentarium
823 3221 1050 3293 facere
1078 3275 1102 3313 .‚
1145 3217 1426 3318 designa
1463 3222 1640 3295 mihi
1678 3221 1963 3321 qualem
1998 3218 2175 3293 uelis
2213 3220 2323 3294 fa·

189 3340 384 3413 ciam
407 3394 432 3434 ,
466 3354 542 3413 et
575 3340 772 3415 iubes
797 3342 1155 3415 utsaciam
1176 3398 1192 3413 .
1221 3341 1526 3433 Quiduis
1553 3343 1745 3415 enim
1768 3341 2003 3414 subire
2029 3354 2320 3441 paratus

177 3484 394 3552 sum,
443 3456 622 3533 dum
681 3488 720 3533 a
759 3475 825 3533 te
851 3488 961 3534 res
1007 3474 1292 3534 nostrae
1343 3461 1809 3535 inlustrentur
1850 3516 1868 3532 .
1909 3456 2129 3532 Plane
2166 3484 2317 3535 non

175 3578 696 3677 contempseris
741 3594 813 3653 et
867 3581 1222 3653 orationes
1286 3578 1377 3651 ad
1415 3593 1739 3651 senatum
1776 3590 1849 3649 et
1900 3576 2314 3651 adlocutio-

167 3720 300 3769 nes
329 3709 612 3770 nostras
636 3696 728 3770 ad
750 3698 1143 3775 exercitum
1164 3752 1182 3768 .
1211 3696 1494 3771 Mittam
1522 3696 1650 3771 tihi
1675 3712 1749 3772 et
1772 3722 2135 3772 sermones
2162 3722 2315 3771 me-
2409 3778 2417 3787 ‚

261 3886 288 3927 1
338 3869 547 3926 Utrum
567 3868 714 3927 haec
729 3870 802 3928 sit
833 3888 965 3947 pars
998 3882 1199 3947 poste-
1361 3892 1392 3929 α
1439 3870 1532 3928 Ad
1581 3870 1930 3933 Fuluianum
1976 3881 2059 3928 est
2098 3872 2313 3951 epistu-

165 3948 298 4007 rior
325 3952 726 4027 praecedentis
759 3951 1068 4030 epistulae,
1121 3972 1196 4009 an
1275 3952 1333 4011 la
1369 3976 1445 4010 xx
1498 3952 1602 4009 lib.
1655 3955 1680 4010 1
1718 3954 1793 4012 ad
1836 3954 2081 4013 amicos,

167 4030 325 4089 alius
381 4032 642 4091 diuersae
674 4078 694 4104 ‚
733 4035 1014 4095 incertum
1080 4048 1194 4094 est.
1359 4036 1394 4094 3
1427 4038 1644 4093 Horum
1678 4038 1895 4095 uirtute
1928 4036 2147 4095 bellum
2178 4056 2313 4113 par-

169 4114 322 4171 Orat
370 4127 560 4173 autem
613 4118 803 4177 Verus
851 4122 1198 4176 Frontonem
1279 4116 1500 4176 thicum
1545 4117 1865 4178 consectum
1898 4132 2017 4181 est.
2059 4120 2310 4200 Capitol.

165 4208 236 4251 ut
255 4196 504 4271 parthici
529 4198 664 4255 belli
687 4198 988 4259 historiam
1021 4200 1202 4261 ambi·
1279 4200 1343 4261 in
1373 4200 1530 4265 Vero
1563 4220 1690 4283 etp·
1726 4204 1861 4267 Vll.

165 4277 320 4337 aios·
361 4281 708 4342 conscribat.

2026 4413 2066 4465 f
