3384 5134
1129 475 1225 527 22
1732 473 1849 524 AD
1930 475 2042 523 -ue
2132 474 2669 527 CAESAREM.

1054 675 1066 686 ἢ
1127 601 1347 680 pereo
1381 607 1400 646 ε
1433 601 1663 676 neque
1695 573 2062 649 deterreor
2092 587 2125 623 ἃ
2157 573 2301 646 isto
2341 586 2464 646 tuo
2494 571 2869 672 dogmatet
2904 599 2991 648 ac
3026 575 3089 650 si
3114 601 3290 650 ma·-

1051 779 1060 786 ,
1128 697 1239 798 gis
1288 699 1425 770 eris
1465 697 1657 772 alieis
1687 691 1727 748 ¹³
1756 725 1904 772 non
1949 697 2357 771 amantibus
2352 699 2645 794 facilis
2672 709 2704 746 c
2729 711 2800 771 et
2828 715 3227 802 promptus
3260 755 3291 794 ‚

1127 849 1259 920 ego
1285 813 1324 870 ἆ
1359 835 1596 894 tamen
1625 833 1657 868 θ
1691 847 1843 895 ηοη
1894 825 2142 893 minus
2177 835 2250 889 te
2282 813 2685 922 [tuosque]
2714 819 2976 892 amabo
3006 876 3023 890 .
3070 820 3293 893 Cete-

1127 967 1300 1015 rum
1356 941 1555 1043 quod
1607 939 1703 1013 ad
1758 965 2089 1012 sensuum
2128 940 2601 1032 densitatem,
2658 937 2864 1040 quod
2898 938 2991 1012 ad
3026 940 3291 1013 inuen-

1134 1064 1358 1137 tionis
1390 1055 1420 1110 f
1442 1063 1878 1161 argutiarum
1902 1118 1925 1156 .,
1960 1058 2163 1160 quod
2196 1059 2290 1132 ad
2326 1059 2819 1134 aemulationis
2854 1075 3013 1133 tuae
3046 1058 3285 1132 felici-

1123 1171 1356 1256 tatem
1403 1183 1680 1256 adtinet
1707 1239 1729 1278 ‚
1764 1183 1937 1257 nolo
1979 1183 2329 1283 quiquam
2362 1183 2600 1255 dicere
2629 1239 2650 1276 .,
2676 1189 2833 1257 nisi
2866 1192 2901 1248 8
2939 1197 3006 1255 te
3036 1181 3281 1254 multo

1124 1301 1480 1402 placentis
1511 1301 1679 1377 illos
1724 1303 1864 1376 sibi
1896 1316 1970 1375 et
2015 1303 2475 1402 prouocantis
2529 1303 2819 1376 Atticos
2876 1305 3283 1376 anteuenis-

1123 1451 1203 1497 se
1238 1436 1257 1470 ¹
1290 1479 1308 1494 .
1353 1425 1464 1496 Ac
1499 1437 1736 1496 tamen
1783 1449 2058 1525 nequeo
2095 1425 2269 1524 quin
2315 1422 2559 1496 dicam
2594 1455 2614 1518 ς
2670 1451 2838 1498 amo
2898 1427 3091 1500 enim
3120 1481 3142 1516 ‚
3202 1439 3279 1498 et

1121 1543 1270 1620 hoc
1297 1545 1602 1646 denique
1633 1547 2041 1620 amantibus
2080 1573 2245 1618 uere
2282 1544 2743 1620 tribuendum
2782 1573 2928 1620 esse
2968 1571 3279 1638 cense0‚

1123 1667 1328 1767 quod
1383 1669 1707 1742 uictoriis
1740 1676 1867 1744 τὸν
1910 1671 2221 1768 ἐρωμένων
2258 1667 2481 1763 magis
2518 1658 2943 1765 gaude[rent
2965 1723 2983 1738 .
3022 1662 3279 1769 Ui]ci-

1121 1811 1289 1859 mus
1325 1789 1543 1886 igitur
1574 1845 1597 1884 .,
1645 1781 2051 1890 [uici]n1us
2104 1786 2397 1885 inquam
2434 1839 2452 1854 .
2508 1785 2707 1859 Num
2750 1775 2789 1830 ¹¹
2826 1841 2845 1857 .
2882 1842 2901 1858 .
2946 1841 2963 1858 .
3006 1781 3025 1834 i
3065 1813 3276 1886 prae-

1121 1905 1451 1981 stabilius
1502 1963 1520 1980 .
1560 1963 1580 1978 .
1618 1963 1638 1978 .
1677 1907 1947 2006 ubique
2006 1932 2165 1980 eam
2228 1903 2362 1977 sub
2399 1960 2418 1975 .
2450 1960 2469 1976 .
2508 1961 2527 1976 .
2563 1919 2669 1978 tra
2730 1931 2867 2005 pae
2902 1961 2920 1976 .
2958 1958 2976 1975 .
3016 1961 3034 1976 .
3075 1919 3271 1978 tram

1118 2027 1402 2124 promsi
1438 2082 1457 2098 .
1502 2081 1522 2098 .
1559 2080 1578 2097 .
1613 2027 1678 2100 ei
1724 2052 1869 2127 quo
1908 2081 1927 2098 .
1969 2082 1987 2096 .
2026 2081 2045 2096 .
2078 2024 2264 2100 adsis
2326 2019 2365 2074 Ι(
2398 2082 2415 2096 .
2457 2081 2475 2096 .
2520 2081 2539 2096 .
2576 2025 2927 2125 disputari
2972 2039 3127 2099 utra
3189 2053 3269 2099 re

1123 2147 1352 2243 magis
1390 2160 1711 2222 caueret.
1768 2148 1965 2240 Quid
1999 2148 2090 2220 dc
2121 2175 2194 2221 re
2222 2149 2349 2220 ista
2383 2139 2638 2250 [oro]
2680 2202 2696 2217 .
2734 2203 2751 2217 .
2790 2204 2807 2218 .
2838 2138 2859 2196 ¹
2900 2175 3097 2220 mam
3146 2161 3264 2218 tu-

1115 2264 1306 2360 lerit,
1333 2294 1422 2340 an
1446 2295 1592 2370 quo
1625 2324 1701 2342 ...
1726 2281 1784 2318 ¹¹²
1808 2271 2141 2367 magister
2168 2297 2370 2344 meus
2398 2269 2489 2343 de
2514 2261 2858 2343 Platone?
2884 2266 3077 2340 Illud
3103 2267 3267 2367 qui-

1119 2385 1289 2459 dem
1317 2415 1465 2462 non
1497 2402 1766 2463 temere
1802 2390 2263 2483 adiurauer03
2305 2390 2525 2489 siquis
2563 2389 2696 2462 iste
2736 2415 2981 2461 reuera
3020 2387 3261 2460 Phae-

1109 2507 1242 2582 der
1272 2526 1310 2562 ¹¹
1344 2510 1480 2582 fuit
1509 2565 1532 2604 ‚
1591 2514 1648 2585 si
1695 2539 2045 2612 umquam
2078 2513 2137 2584 is
2172 2538 2213 2583 a
2252 2511 2549 2583 Socrate
2584 2509 2818 2583 afuit²
2852 2565 2873 2604 ‚
2906 2535 3049 2583 non
3092 2535 3256 2580 ma·-

1109 2629 1214 2727 gis
1245 2629 1618 2704 Socratem
1655 2633 1959 2705 Phaedri
1985 2631 2338 2706 desiderio
2364 2687 2385 2726 ,
2424 2659 2642 2732 quam
2678 2659 2797 2705 me
2822 2631 3083 2732 perisse
3112 2621 3265 2728 [si-

1081 2744 1300 2852 'nes]
1345 2805 1403 2820 ..
1436 2805 1454 2820 .
1491 2767 1526 2802 ⁰
1561 2753 1710 2828 duo
1782 2781 2057 2830 menses
2090 2813 2107 2827 .
2140 2811 2157 2826 .
2191 2810 2210 2826 .
2244 2765 2287 2820 P
2320 2755 2570 2828 arsisse
2606 2809 2623 2825 .
2658 2809 2675 2825 .
2705 2753 2823 2824 ‚in
2862 2765 3201 2823 ...qamet
3230 2807 3255 2844 ‚

1104 2869 1242 2944 nisi
1276 2873 1658 2950 confestim
1694 2891 1819 2952 tuo
1846 2903 2093 2962 amore
2132 2877 2563 2978 corripitur.
2598 2874 2785 2949 Uale
2812 2873 2994 2946 mihi
3024 2873 3260 2946 maxi-

1137 3077 1170 3108 a
1193 3058 1466 3112 Heindorfii
1486 3061 1644 3124 placet
1663 3068 1935 3118 emendatio
1950 3068 2199 3119 deterreor
2218 3085 2309 3132 pro
2327 3068 2502 3117 debere
2520 3085 2646 3130 reor,
2670 3077 2725 3113 ut
2740 3062 2861 3111 mihi
2876 3061 3032 3123 legere
3052 3059 3257 3110 uidebar

1101 3127 1155 3180 in
1175 3134 1341 3182 codice
1359 3167 1372 3180 .
1443 3133 1474 3184 b
1497 3137 1572 3184 Ita
1592 3138 1713 3186 eod.
1782 3157 1809 3188 c
1847 3143 2029 3207 Supple
2058 3157 2169 3190 octo
2188 3141 2378 3190 circiter
2399 3142 2579 3190 litterae
2601 3173 2613 3185 .
2682 3135 2721 3184 d
2757 3135 2829 3182 lta
2867 3137 3001 3200 ptius
3033 3131 3255 3200 legebam

1101 3204 1152 3272 in
1181 3205 1348 3254 codice
1367 3220 1384 3262 3
1403 3223 1520 3256 mox
1535 3223 1592 3256 eo
1614 3243 1628 3266 ,
1647 3211 1783 3278 quod
1806 3215 1901 3261 inm
1922 3231 2017 3278 non
2044 3216 2199 3278 probo
2216 3247 2228 3258 .
2299 3231 2325 3258 e
2364 3213 2549 3277 Supple
2566 3229 2651 3260 sex
2668 3207 2855 3257 circiter
2877 3207 3078 3255 litterae.
3132 3202 3255 3270 flu

1100 3273 1214 3322 cod.
1239 3294 1329 3340 pro
1347 3279 1682 3329 [arcentio-tes.
1736 3300 1772 3349 g
1796 3284 1907 3331 Νἰεὶ
1929 3285 2059 3333 deest
2077 3287 2124 3333 in
2147 3281 2254 3332 cod.
2310 3284 2339 3332 Ῐι
2364 3283 2547 3347 Supple
2563 3282 2684 3330 duo·
2708 3293 2874 3326 uersus
2893 3293 3006 3326 cum
3028 3277 3253 3329 dimidio.

1099 3346 1122 3392 ἱ
1159 3347 1310 3397 Aliud
1349 3345 1522 3400 folium
1559 3351 1653 3400 hoc
1691 3368 1798 3414 est3
1834 3354 1913 3402 sed
1956 3359 2038 3403 uix
2075 3355 2247 3404 dubito
2282 3357 2401 3420 quin
2422 3371 2535 3401 cum
2563 3349 2883 3418 praecedente
2918 3349 3253 3414 copulandum

1099 3419 1163 3466 lit
1191 3435 1297 3467 tum
1339 3437 1541 3488 propter
1574 3427 1799 3474 materiae
1824 3424 2185 3476 similitudinem
2205 3461 2217 3482 ‚
2256 3439 2359 3474 tum
2402 3426 2516 3492 quin
2548 3428 2707 3476 statim
2745 3419 2839 3466 1¹⁰0
2874 3419 3047 3468 eodem
3082 3422 3134 3469 in
3172 3422 3251 3471 so-

1097 3495 1202 3556 lio,
1237 3517 1410 3564 nempe
1465 3519 1517 3566 p.
1562 3506 1674 3560 133,
1712 3505 1885 3570 incipit
1931 3505 2091 3554 littera
2126 3519 2295 3576 graeca
2352 3489 2403 3562 ὅ
2437 3496 2575 3572 φίλε
2604 3493 2760 3562 παῖ,
2792 3507 2935 3554 cuiue
2986 3522 3251 3575 argumen-

1100 3592 1206 3628 tum
1245 3599 1357 3631 cnm
1394 3585 1600 3647 epi-stul·
1637 3605 1739 3656 age
1788 3607 1942 3658 perge
1990 3606 2081 3638 etc.
2131 3591 2409 3654 conspirat.
2480 3585 2509 3636 k
2548 3587 2793 3638 versuum
2830 3603 3012 3654 septem
3057 3593 3251 3642 nonnisi

1098 3645 1218 3700 haec
1241 3655 1387 3704 uerba
1409 3655 1637 3725 leguntur
1658 3693 1670 3705 .
1730 3659 1751 3706 Ι
1772 3661 1953 3725 supple
1974 3660 2201 3710 tredecim
2222 3659 2319 3708 fere
2340 3660 2518 3710 litteras
2538 3693 2551 3702 .
2606 3675 2655 3706 m
2690 3661 2877 3725 Supple
2894 3678 3107 3728 quatuor
3124 3661 3249 3712 litte-

1098 3737 1176 3795 ras
1197 3757 1210 3770 .
1261 3742 1296 3772 η
1337 3727 1411 3776 Itu
1441 3727 1550 3775 cod.
1570 3747 1670 3777 non
1691 3729 1949 3782 Phaedrus
1974 3766 1987 3786 ,
2022 3732 2103 3781 sed
2126 3731 2381 3780 Phaeder.
2435 3747 2463 3778 ο
2490 3729 2677 3798 Supple
2714 3751 2908 3786 uersum
2941 3748 3057 3782 cum
3090 3731 3250 3784 dimi-

1101 3791 1215 3844 die.
1273 3813 1319 3864 p
1353 3798 1540 3866 Supple
1577 3816 1809 3851 uersum.
1878 3819 1910 3870 q
1944 3803 2130 3872 Supple
2151 3803 2301 3853 alium
2322 3817 2516 3851 uersum
2537 3835 2551 3850 .

1181 3981 1203 4018 1
1255 3959 1539 4038 Intelligit
1569 4005 1588 4032 ,
1655 3980 1891 4042 praeter
1940 3969 2119 4038 alias,
2288 3991 2321 4027 2
2367 3969 2519 4028 Hinc
2556 3969 2806 4046 colligo,
2866 3973 3125 4031 Marcum
3178 3971 3249 4033 a-'

1086 4041 1324 4120 longam
1359 4044 1520 4104 illam
1555 4047 1628 4104 de
1649 4071 1839 4107 amore
1858 4073 2123 4128 graecam
2204 4052 2383 4110 fuisse
2448 4051 2807 4128 aliquamdiu
2840 4075 2872 4111 a
2912 4058 3241 4130 Frontone,

1087 4125 1429 4202 epistulam,
1452 4151 1598 4207 quae
1632 4130 1692 4188 in
1730 4134 1857 4190 cod.
1884 4137 2121 4196 mediol.
2210 4135 2351 4192 dum
2418 4135 2522 4195 ille
2570 4131 2865 4227 ι’ρυτυιές
2946 4140 3243 4202 scribere-

1085 4209 1456 4290 aubsequitur
1485 4213 1637 4274 hanc
1667 4237 1779 4294 age
1800 4239 2017 4297 perge.
2106 4261 2125 4275 ·
2204 4235 2300 4285 tur
2318 4265 2339 4284 .
