3384 5134
876 428 1632 512 rmrxnaronrm
2140 438 2270 513 ¹9¹

141 528 350 603 nima
385 528 846 629 maximaque
902 528 994 601 ab
1026 553 1116 601 eo
1166 506 1408 601 curata
1437 516 1479 597 ἶ)
1516 535 1640 595 aut
1687 521 1893 597 domi
1939 528 2139 627 quod
2178 560 2299 609 us,-

133 648 352 749 piam
398 660 592 723 recte
640 644 967 721 clausum
1017 660 1144 719 aut
1189 646 1643 746 opsignatum
1685 698 1711 739 ,
1792 660 1917 718 aut
1965 667 2297 729 curatum

133 785 269 843 aut
296 772 716 845 consectum
748 770 926 871 quid
958 768 1216 843 uellem
1256 823 1279 865 .,
1315 794 1432 841 me
1471 768 1596 840 uni
1625 768 1796 841 huic
1830 773 2201 850 mandasse
2222 794 2295 853 et

135 890 685 965 concredidisse
709 883 752 964 ?
804 889 945 963 Sed
969 888 1169 989 quod
1191 888 1524 963 alumnus
1553 914 1757 967 meus
1802 916 1999 990 aegre
2036 894 2296 980 tuleraq

133 1025 254 1085 ret
309 1024 346 1059 ⁸
384 1067 409 1105 ‚
464 1010 853 1087 ualetudini
904 1036 1104 1085 meae
1141 1008 1493 1083 curandae
1527 1010 1629 1083 ita
1665 1036 1948 1112 semper
1980 1014 2295 1108 studuit,

139 1123 431 1206 tantam
470 1126 670 1207 omni
697 1148 1028 1235 tempore
1051 1133 1269 1206 etiam
1287 1156 1582 1232 operam
1605 1132 1847 1228 dedit,
1878 1147 1959 1207 ut
1984 1120 2299 1211 excubes-

137 1272 256 1330 ret
308 1256 530 1331 etiam
565 1280 772 1353 aegro
830 1254 1015 1329 mihi
1056 1286 1078 1351 ς
1129 1269 1200 1328 et
1237 1254 1364 1327 ubi
1411 1254 1594 1328 meis
1632 1276 1762 1352 ego
1821 1258 1927 1329 uti
1964 1258 2296 1333 manibus

139 1402 282 1476 per
318 1372 808 1449 ualetudinem
845 1396 996 1447 non
1025 1399 1321 1475 possem
1347 1427 1370 1468 ‚
1426 1396 1644 1445 manu
1675 1399 1801 1447 sua
1842 1374 2047 1449 cibos
2084 1376 2175 1449 ad
2210 1367 2295 1451 os

135 1520 394 1567 meum
425 1494 730 1567 adferret
758 1549 776 1566 .
812 1494 1198 1568 Postremo
1226 1490 1464 1595 siquid
1497 1490 1913 1569 humanitus
1939 1552 1961 1590 ‚
2002 1496 2293 1571 absente

143 1613 544 1699 Uictorino
585 1628 656 1689 et
697 1612 1002 1688 domino
1051 1612 1272 1687 fratre
1327 1634 1494 1686 meo
1534 1668 1559 1706 .,
1613 1613 1797 1687 mihi
1854 1616 2231 1691 accidisset
2270 1672 2293 1712 ‚

135 1732 353 1807 huic
331 1746 518 1807 msta
547 1732 842 1837 corpori
867 1757 1034 1818 meo
1053 1732 1366 1807 curanda
1385 1732 2297 1813 mandaui.P1·aesentibus

136 1856 363 1925 etiam
400 1850 602 1948 illis,
656 1853 748 1926 ab
786 1850 932 1927 h'oc
973 1852 1441 1973 potissimum
1495 1878 1765 1954 corpus
1812 1878 2060 1928 meum
2108 1878 2294 1927 con-

143 1971 438 2043 trectari
469 1968 668 2045 uolui
693 2027 716 2066 ‚
771 1996 918 2073 quo
952 1972 1192 2045 minus
1229 1970 1506 2045 doloris
1532 1970 1626 2043 ad
1649 1971 1949 2047 fratrem
1981 1985 2053 2043 et
2081 1996 2296 2069 gene-

139 2119 310 2165 rum
333 2116 580 2166 meum
607 2118 698 2165 ex
729 2107 1074 2166 contactu
1102 2092 1430 2194 corporis
1453 2092 1597 2164 mei
1629 2092 2072 2191 perueniret.
2102 2093 2297 2165 Haec

137 2212 328 2283 mihi
359 2236 528 2283 cum
565 2214 801 2286 Gauio
841 2212 1110 2287 Claro
1089 2240 1242 2287 lura
1269 2225 1480 2285 sunt.
1518 2214 1677 2285 Iam
1719 2238 1911 2311 eg0,
1948 2214 2011 2288 si
2047 2238 2155 2287 res
2194 2213 2300 2287 fa-

141 2328 458 2403 miliaris
483 2330 667 2402 mihi
690 2329 956 2428 largior
977 2344 1199 2425 esset,
1233 2356 1324 2404 ne
1354 2329 1529 2429 quid
1549 2330 1642 2403 ad
1675 2334 2021 2407 senatoris
2050 2334 2299 2409 munia

138 2446 356 2522 facile
397 2447 766 2523 toleranda
799 2448 1072 2521 deesset
1100 2505 1122 2545 .,
1181 2447 1386 2520 omni
1430 2474 1572 2549 ope
1608 2449 2063 2525 subuenirem
2092 2484 2111 2523 ε
2164 2479 2297 2525 ne-

139 2595 284 2669 que
298 2560 519 2645 saneb
565 2593 694 2667 ego
718 2567 930 2641 huius
956 2567 1220 2665 negotii
1248 2594 1459 2643 causa
1482 2594 1650 2641 eum
1675 2582 1871 2644 trans
1895 2598 2089 2645 mare
2119 2597 2297 2673 pro·

137 2689 375 2761 ficisci
397 2704 672 2789 paterer
688 2742 709 2763 .
730 2688 796 2761 N
805 2713 940 2761 une
959 2702 1032 2762 et
1057 2702 1338 2762 nostrae
1363 2714 1473 2763 res
1495 2688 1688 2763 haud
1712 2692 2145 2797 eopiosae‚et
2165 2692 2304 2769 hu·-

139 2812 258 2881 ius
279 2824 660 2909 paupertas
715 2808 940 2884 artior
963 2836 1082 2883 me
1109 2803 1616 2911 compulerunt
1638 2864 1658 2901 ,
1693 2826 1773 2885 ut
1798 2838 1963 2886 eum
1984 2814 2299 2889 inuitum

137 2926 578 3029 expellerem
605 2928 680 3001 in
711 2928 994 3003 Suriam
1024 2929 1115 3002 ad
1138 2928 1366 3028 legata
1392 2986 1414 3026 ,
1457 2958 1638 3033 quae
1663 2934 1729 3005 ei
1756 2935 1831 3007 iu
1864 2946 2294 3011 testamento

45 3032 58 3039 “
145 3050 470 3123 hominis
507 3050 934 3127 amicissimi
991 3052 1435 3127 obuenerunt
1496 3052 1983 3151 persequenda
2018 3110 2038 3127 .
2092 3054 2294 3145 Quae

137 3182 524 3269 paupertas
567 3169 784 3245 Claro
829 3197 996 3245 meo
1040 3170 1230 3246 nulla
1257 3171 1487 3272 ipsius
1527 3170 1739 3272 culpa
1781 3171 2039 3269 obtigit
2074 3188 2093 3240 2
2151 3169 2295 3243 Sed

140 3312 376 3388 neque
402 3302 694 3390 paterna
718 3290 861 3365 ulla
891 3318 1118 3392 neque
1153 3304 1472 3366 materna
1493 3290 1681 3365 bona
1717 3289 2009 3365 fruenda
2042 3312 2295 3394 peree-

136 3407 256 3506 pit
291 3440 311 3476 ε
333 3433 556 3507 eaque
593 3412 732 3494 fine
762 3408 963 3485 heres
996 3413 1184 3513 patri
1209 3412 1346 3483 fuit
1369 3467 1390 3501 ‚
1450 3426 1532 3485 ut
1557 3408 2033 3484 creditoribus
2055 3419 2295 3508 pater-

139 3527 254 3599 nis
277 3552 476 3624 aegre
511 3528 685 3603 satis
721 3526 1027 3606 faceret.
1069 3533 1404 3606 Ceterum
1444 3531 1881 3632 parsimonia
1920 3541 1993 3604 et
2030 3523 2287 3602 officiis

137 3654 216 3713 et
251 3642 646 3741 frugalitate
682 3672 890 3721 onera
927 3650 1329 3750 quaestoria
1357 3704 1378 3744 ‚
1419 3648 1745 3723 aedilicia
1774 3705 1795 3743 ‚
1832 3662 1903 3721 et
1932 3644 2293 3747 praetoria

135 3760 560 3861 perfunctus
602 3780 710 3839 est
734 3821 752 3839 .
781 3768 914 3843 Cui
943 3762 980 3817 ¹²
1001 3768 1296 3871 quidem
1327 3795 1458 3870 per
1483 3769 1879 3871 apsentiam
1903 3767 2049 3841 eius
2081 3764 2291 3840 diuus

211 3980 250 4010 a
289 3962 362 4013 Itu
409 3964 831 4017 ochedae.1’aulo
871 3984 982 4051 poet
1013 3982 1172 4019 tamen
1199 3964 1460 4017 toleranda
1496 3968 1761 4021 scribitur.
1803 3968 1909 4017 Iam
1930 3985 1965 4017 ιι
1989 3982 2082 4035 pro
2106 3982 2137 4014 ο
2172 3962 2291 4013 bre-

145 4032 228 4089 ιιί,
263 4032 358 4081 late
403 4034 566 4085 domin
572 4052 652 4087 atu
623 4038 750 4087 urin
789 4034 960 4105 nntiuq
963 4040 1002 4089 i·
1037 4037 1332 4109 quibusdam
1365 4036 1618 4093 codicibu-
1645 4059 1674 4091 ι
1716 4056 1795 4093 me
1826 4038 1998 4091 lecti·-
2067 4034 2100 4091 ὂ
2138 4036 2291 4091 'rann

141 4116 214 4155 est
261 4104 438 4155 laeum
485 4107 704 4163 codieu.
773 4107 1038 4162 cSchedn
1074 4126 1223 4162 cm.
1259 4140 1268 4147 ·
