3384 5134
1044 504 1189 578 138
1551 456 1741 565 'An
1809 516 1924 564 ·m·
1986 510 2525 562 cat-‚sanun

1036 634 1331 695 noctem
1359 672 1377 689 .
1432 616 1517 689 In
1548 639 1729 712 genu
1759 610 1975 685 dolor
2003 622 2112 686 est
2139 606 2479 683 modicus
2517 662 2536 678 .
2591 604 2774 681 Uale
2809 606 3128 681 Domine
3167 661 3188 678 .

1037 739 1431 814 Dominam
1462 732 1689 809 saluta
1727 786 1750 803 .

1472 984 1479 991 ’
1562 999 1762 1049 Lvn.
1818 996 1942 1071 72.
1997 996 2382 1047 onxs‘rno
2437 994 2591 1045 nmo
2627 1026 2648 1042 .

1238 1220 1382 1293 Lm
1414 1215 1642 1291 habeo
1674 1212 1878 1313 quod
1915 1214 2242 1313 primum
2293 1229 2368 1289 et
2395 1211 2870 1313 praecipuum
2901 1208 3190 1284 deside·

1034 1337 1285 1414 rabam
1322 1370 1341 1407 ε
1396 1334 1661 1409 desisse
1721 1330 2154 1407 febriculam
2205 1330 2468 1431 colligo
2529 1358 2620 1405 ex
2675 1330 2930 1405 litteris
2987 1331 3130 1405 tuis
3163 1386 3186 1403 .

1038 1458 1251 1531 Nunc
1286 1512 1305 1551 ,
1340 1456 1445 1529 mi
1477 1454 1814 1550 magister
1839 1506 1864 1537 ,
1905 1448 2110 1553 quod
2139 1453 2233 1527 ad
2276 1452 2511 1527 fauces
2549 1451 2823 1527 adtinet
2853 1502 2877 1545 ,
2925 1450 3182 1525 brebia

1034 1577 1504 1678 temperantia
1534 1570 1934 1676 appelletur
1961 1566 2047 1669 ὗς
2083 1591 2156 1648 et
2195 1574 2372 1648 mihi
2417 1588 2491 1647 at
2513 1587 2544 1622 ⁰
2568 1574 2854 1675 plenior
2884 1572 3176 1647 nuntius

1036 1699 1273 1771 ueniet
1296 1751 1314 1768 .
1370 1693 1553 1770 Uale
1603 1694 1716 1767 mi
1759 1694 2099 1791 magister
2139 1694 2653 1771 iucundissime
2682 1693 2897 1767 mihi.
2953 1694 3182 1767 Mater

1038 1845 1199 1895 mea
1234 1833 1303 1893 te
1335 1818 1597 1895 salutat
1630 1872 1657 1889 .

1592 2084 1832 2135 mun.
1889 2060 2014 2159 73.
2067 2083 2366 2135 nomino
2419 2084 2625 2133 nmo.

1247 2296 1617 2373 stA‘rus
1670 2324 1834 2369 sum
1869 2354 1894 2392 ,
1950 2296 2264 2371 Domine
2297 2352 2322 2390 ‚
2363 2308 2578 2371 nocte
2621 2294 2884 2371 diffuso
2931 2294 3186 2371 dolore

1045 2444 1177 2520 per
1225 2442 1559 2491 umerum
1590 2430 1663 2489 et
1692 2415 2025 2489 cubitum
2051 2429 2124 2488 et
2155 2430 2438 2513 genuet
2475 2414 2704 2491 talum
2725 2473 2742 2488 .
2764 2418 3082 2519 Denique
3105 2417 3182 2491 id

1042 2538 1287 2637 ipsum
1342 2538 1477 2613 tihi
1510 2562 1669 2609 mea
1703 2560 1922 2609 manu
1955 2534 2266 2611 scribere
2295 2564 2442 2611 non
2473 2537 2686 2639 potui
2725 2590 2747 2608 .

1263 2805 1536 2855 Lvun.
1596 2778 1726 2879 74.
1781 2802 1980 2855 nAur.
2037 2804 2127 2853 m
2183 2804 2569 2856 luem-rna
2625 2805 2964 2853 orrmt.

1250 3020 1423 3095 Eoo
1463 3046 1551 3093 ne
1580 3034 1665 3093 ut
1709 3002 2036 3094 studeam
2072 3010 2242 3097 cum
2276 3036 2356 3094 tu
2403 3018 2647 3097 doleas
2671 3012 2714 3097 ?
2761 3019 3188 3122 praesertim

1044 3164 1217 3215 cum
1250 3167 1410 3214 mea
1438 3166 1653 3215 causa
1684 3139 1930 3215 doleas
1962 3135 2004 3217 ’.Ρ
2049 3168 2198 3215 non
2235 3168 2352 3216 me
2387 3143 2724 3241 omnibus
2755 3143 3180 3217 incommo-

1044 3257 1157 3331 dis
1210 3272 1464 3359 sponte
1519 3260 1675 3361 ipse
1745 3259 2115 3335 adflictem
2153 3252 2197 3334 ’ἶ
2247 3260 2512 3335 merito
2577 3259 2863 3334 hercule
2911 3314 2932 3331 .
3005 3258 3186 3349 Quis

1040 3378 1238 3453 enim
1294 3378 1429 3453 tibi
1472 3379 1651 3454 alius
1703 3378 2038 3455 dolorem
2077 3404 2291 3477 genus
2328 3436 2352 3475 ‚
2399 3406 2616 3480 quem
2665 3380 2923 3454 scribis
2971 3391 3190 3451 nocte

1045 3522 1407 3599 proxuma
1440 3510 1738 3572 auctum
1757 3555 1782 3593 ,
1820 3500 1979 3599 quis
2005 3497 2188 3573 alius
2209 3524 2376 3573 eum
2404 3500 2774 3573 suscitauit
2799 3554 2822 3596 ,
2851 3500 2982 3575 nisi
3007 3500 3196 3571 Cen·-

1020 3620 1429 3693 .tumcellae
1455 3678 1479 3717 .,
1508 3648 1598 3695 ne
1628 3647 1747 3694 me
1775 3620 2018 3694 dicam
2039 3612 2083 3693 ?
2113 3620 2309 3711 Quid
2341 3622 2556 3718 igitur
2570 3622 2832 3693 faciam
2857 3676 2878 3711 ,
2911 3623 3038 3723 qui
3059 3646 3190 3697 nec

1044 3748 1118 3809 te
1156 3738 1371 3813 uideo
1405 3795 1430 3832 .‚
1483 3753 1555 3813 et
1589 3755 1792 3813 tanto
1831 3766 2092 3839 angore
2143 3738 2544 3815 discrucior
2568 3733 2611 3815 ἶ)
2637 3739 2846 3813 Adde
2867 3765 2957 3814 eo
2989 3740 3194 3841 quod

1041 3854 1323 3931 etiamsi
1351 3856 1576 3932 libeat
1598 3859 1882 3937 studere
1903 3917 1928 3958 .,
1961 3858 2227 3934 iudicia
2261 3858 2652 3959 prohibent
2672 3915 2695 3957 ‚
2723 3886 2900 3963 quae
2918 3916 2941 3958 ‚
2969 3874 3056 3935 ut
3079 3860 3192 3933 di·—

1112 4079 1149 4110 a
1184 4064 1258 4115 ln
1279 4064 1389 4117 cod.
1438 4082 1569 4121 nm.
1598 4068 1695 4121 Sed
1735 4084 1784 4123 a.
1823 4066 1962 4121 breui
1981 4106 1996 4121 .
2065 4065 2097 4119 b
2132 4066 2208 4118 It·
2244 4066 2503 4121 enidentnr
2543 4068 2726 4127 codex.
2791 4084 2822 4116 c
2857 4066 2936 4120 In
2961 4072 3191 4127 ood.sed

1046 4132 1241 4189 uidetur
1282 4134 1541 4191 dicendam
1564 4158 1601 4191 a
1635 4151 1685 4191 te
1711 4178 1728 4193 .

3361 1687 3370 1750 -·
3357 1481 3368 1656 -*·····-·“
3357 882 3376 1449 G-———
3360 47 3378 847 ———,-,-*n
3362 2 3374 18 -ι
