3384 5134
803 710 834 747 Φ

632 784 790 843 PARS
817 787 1014 838 mmm·

637 860 722 908 ΤΑ
749 860 812 906 lN
835 860 1012 907 CODI-

636 932 720 979 ΟΕ
743 927 1010 977 ἾΔΤῙΟΔ·

629 1001 720 1051 No
769 1008 790 1045 Ι
821 1020 836 1043 ι

1120 508 1261 603 184
1907 526 2019 577 An
2114 529 2457 577 uanum

1109 654 1360 705 eorum
1401 618 1644 725 digitis
1671 624 2115 725 primoribus
2142 624 2520 716 scinderet3
2544 648 2763 721 equos
2782 622 3101 722 puluillis
3134 628 3225 699 in-
3336 678 3338 681 ι

1119 766 1380 823 stratos
1401 744 2038 837 animaduerteret3
2066 739 2103 847 Η
2135 738 2176 779 *
2201 744 2391 817 iussu
2420 745 2571 816 eius
2596 742 2959 839 cornicula
2988 770 3221 819 conse·

1116 885 1236 942 cta
1277 902 1298 961 ε,
1355 896 1392 939 a
1435 865 1776 939 sedilibus
1804 866 2132 965 equitum
2178 865 2427 964 pluma
2470 864 2675 961 quasi
2708 864 3069 938 anseribus
3120 864 3223 935 de-

1113 986 1320 1061 uolsa
1345 1042 1362 1057 .
1414 986 1636 1059 Pauci
1689 982 2004 1057 militum
2036 1010 2303 1084 equum
2336 982 2745 1055 sublimitus
2768 984 3032 1057 insilire
3053 1037 3074 1073 ‚
3124 1008 3223 1057 ce-

1113 1108 1250 1181 teri
1281 1130 1479 1201 aegre
1505 1116 1537 1153 ⁸
1581 1101 1779 1175 calce
1808 1159 1829 1198 ‚
1870 1128 2049 1200 genu
2072 1158 2095 1197 ,
2138 1104 2421 1203 poplite
2459 1124 2701 1201 repere
2734 1136 2755 1173 ε
2806 1104 2999 1177 haud
3036 1102 3217 1175 multi

1111 1225 1459 1329 uibrantis
1491 1224 1733 1297 hastas
1762 1280 1784 1318 ,
1840 1250 2007 1323 pars
2042 1226 2278 1298 maior
2315 1226 2465 1297 sine
2514 1226 2589 1295 ni
2622 1238 2695 1297 et
2725 1226 2968 1323 nigore
3000 1280 3025 1317 ‚
3060 1239 3217 1297 tam-

1106 1372 1327 1446 quam
1359 1344 1588 1417 laneas
1617 1396 1641 1435 ‚
1680 1344 1909 1417 iacere
1930 1398 1951 1417 .
2007 1344 2187 1419 Alea
2210 1346 2283 1418 in
2320 1346 2569 1419 castris
2607 1344 2938 1445 frequens
2972 1338 3055 1436 *‚
3106 1368 3211 1414 so·-

1087 1490 1318 1538 ·mnus
1355 1488 1632 1563 pernox
1669 1518 1694 1555 ‚
1750 1464 1974 1537 autin
2008 1465 2177 1539 uino
2222 1464 2464 1563 uigilia
2493 1520 2512 1536 .
2554 1464 3067 1537 Huiuscemodi
3098 1462 3215 1533 mi-

1111 1585 1270 1658 lites
1303 1584 1562 1683 quibus
1601 1584 1923 1683 imperiis
1970 1586 2367 1660 contineres
2423 1600 2495 1660 et
2544 1583 2637 1658 ad
2690 1585 2965 1681 frugem
3010 1583 3213 1681 adque

1109 1702 1536 1779 industriam
1577 1716 2029 1777 conuerteres
2059 1758 2080 1795 ‚
2112 1730 2348 1777 nonne
2380 1718 2451 1776 te
2492 1702 2905 1777 Hannibalis
2932 1702 3169 1777 duritia
3188 1752 3206 1789 ‚

1112 1814 1440 1896 Africani
1473 1821 1879 1923 disciplina,
1912 1818 2175 1895 Metelli
2202 1821 2529 1922 exempla
2546 1834 2577 1873 2
2602 1823 2917 1897 historiis
2942 1820 3215 1923 perscri-

1113 1953 1236 2039 pta
1265 1936 1706 2017 docuerunt?
1732 1945 1981 2042 Ipsum
2005 1944 2143 2017 hoc
2169 1956 2373 2017 tuum
2398 1970 2439 2015 a
2464 1957 2533 2015 te
2557 1934 2810 2044 diu[ti]
2822 1968 2907 2015 na
2934 1940 3209 2041 pruden-

1118 2061 1214 2131 tia
1255 2061 1663 2136 consultum
1691 2118 1716 2156 ‚
1758 2062 1959 2163 quod
1988 2090 2135 2136 non
2169 2078 2329 2136 ante·
2360 2062 2571 2160 signis
2608 2062 2915 2135 conlatis
2948 2084 3205 2134 manum

1119 2202 1291 2251 cum
1371 2180 1697 2255 hostibus
1764 2184 2187 2257 conseruisti
2246 2238 2271 2274 ‚
2342 2208 2560 2279 quam
2616 2182 2893 2257 leuibus
2956 2176 3205 2281 proeliis

1119 2310 1194 2367 et
1213 2298 1505 2370 minutis
1534 2298 2175 2399 uictoriis-militem
2198 2298 2551 2373 imbueres
2568 2292 2633 2394 ὗ,
2650 2327 2879 2376 nonne
2900 2300 3075 2372 Cato
3100 2296 3208 2367 ‹lo-

1122 2414 1272 2486 cuit
1320 2430 1568 2489 orator
1619 2418 1810 2489 idem
1860 2432 1933 2491 et
1988 2419 2389 2519 imperator
2440 2414 2834 2494 summus?
2886 2422 3051 2520 Ipsa
3102 2442 3205 2490 su-

1117 2530 1310 2603 bieci
1363 2536 1654 2611 Catonis
1707 2536 1919 2611 uerba
1956 2594 1978 2632 ,
2042 2538 2119 2609 in
2150 2538 2407 2637 quibus
2442 2538 2913 2613 consiliorum
2952 2554 3207 2612 tuorum

1119 2640 1444 2748 ekpressa
1492 2656 1777 2752 uestigia
1836 2653 2137 2727 cerneris
2178 2658 2289 2748 ,f‘
2336 2656 2611 2729 Interea
2666 2678 3207 2756 unamquamque

1120 2822 1178 2861 „
1236 2783 1577 2865 turmam,
1609 2775 2061 2875 manipulum
2093 2832 2115 2869 ‚
2146 2777 2549 2869 cohortem,
2594 2776 3035 2875 temptabam
3060 2772 3209 2874 quid

1119 2942 1176 2981 ‚.,
1233 2889 1459 2995 sacer-e
1496 2909 1821 2991 possent:
1858 2892 2150 2995 proeliis
2184 2894 2457 2969 leuibus
2480 2890 2511 2944 θ’
2536 2897 2950 2997 spectabam
2992 2896 3207 2968 cuius-

1121 3061 1178 3101 „
1234 3010 1437 3084 modi
1462 3012 1757 3111 quisque
1794 3030 1973 3088 eset
2002 3047 2022 3085 e
2070 3016 2288 3113 siquis
2336 3032 2613 3089 strenue
2652 3017 2915 3090 fecerat
2944 3072 2966 3110 ,
3000 3014 3205 3087 dona-

1117 3178 1174 3220 „
1233 3125 1399 3201 bam
1437 3131 1729 3205 honeste
1754 3190 1776 3224 ‚
1816 3149 1895 3205 ut
1928 3133 2045 3206 alii
2079 3135 2271 3207 idem
2316 3134 2575 3208 uellent
2600 3134 2829 3209 facere
2856 3190 2879 3227 ‚
2912 3150 3112 3233 atque
3146 3130 3205 3199 in

1113 3292 1164 3335 ‚‚
1193 3250 1526 3323 contione
1563 3252 1799 3325 uerbis
1836 3248 2083 3327 multis
2144 3252 2523 3327 laudabam
2566 3307 2585 3322 .
2632 3255 2931 3327 Interim
2964 3250 3207 3349 aliquot

1234 3472 1267 3502 ⁸
1314 3473 1412 3537 M
1465 3474 1704 3541 Forma
1740 3478 2093 3575 armeniaci
2148 3482 2465 3546 exercitus
2492 3529 2509 3545 .

1176 3704 1216 3739 a
1251 3685 1368 3737 eod.
1407 3702 1624 3753 aegrae.
1695 3686 1727 3737 ὁ
1762 3689 1835 3738 Ita
1872 3706 1961 3757 per
1990 3706 2085 3751 m;
2118 3704 2169 3739 at
2207 3708 2316 3761 pag.
2346 3708 2500 3756 praec.
2539 3708 2725 3757 pern.
2794 3710 2824 3740 c
2858 3693 3199 3754 conlatam

1113 3760 1198 3808 ned
1242 3757 1462 3824 nuperius
1519 3758 1705 3840 lauhs-2³
1730 3795 1744 3809 .
1774 3760 1880 3808 Iam
1928 3760 2105 3810 horum
2143 3762 2486 3812 uocabulorum
2530 3764 2839 3813 commutatio
2884 3766 2939 3815 in
2976 3767 3195 3817 codicibus

1110 3844 1451 3895 saepenumero
1485 3844 1698 3879 occurrit
1715 3865 1730 3879 .
2073 3838 2081 3847 ‘

1107 4005 1460 4068 statuamque
1511 3995 1562 4051 ei
1595 3998 1842 4072 positam
1890 4000 1949 4057 in
1998 4002 2123 4059 foro
2296 4024 2317 4059 ι
2368 4008 2568 4063 Denuo
2618 4004 2905 4082 aptissime
2958 4004 3193 4063 cohaeret

1107 4074 1338 4132 'sn-niani
1391 4091 1584 4133 narrat
1621 4079 1922 4159 inscriptio
1967 4084 2126 4163 apud
2202 4088 2474 4143 materia.

1101 4157 1272 4217 Grut.
1311 4180 1612 4221 ccccnvu.
1657 4185 1713 4223 α.
2282 4170 2514 4249 aApud
2531 4164 3185 4247 Sallustiuminlugurth.

3322 1380 3336 1508 -ᾖ
