3384 5134
939 464 1046 544 'tt-r
1105 448 1464 547 romanis
1555 506 1578 559 χ
2129 474 2277 570 327

143 592 356 665 sicuti
393 592 572 667 bene
601 589 785 667 uelle
822 614 906 661 ac
943 589 1118 663 bene
1143 592 1422 690 precari
1453 606 1484 639 ⁸
1513 646 1534 684 .,
1575 618 1755 691 quae
1782 618 1889 667 res
1920 618 2101 667 uoce
2134 595 2287 667 ani-
2380 679 2385 685 .

143 742 414 815 moque
453 716 602 787 sine
644 713 909 812 opibus
951 704 985 761 b
1019 727 1518 811 perpetrantur
1541 769 1557 783 .
1615 715 1843 809 Igitur
1866 727 1950 787 ut
1984 714 2287 813 quisque

143 862 216 908 se
239 832 823 931 benignissimum
855 831 1290 929 praestabit,
1330 832 1422 904 ita
1456 834 1515 905 is
1545 832 1898 931 plurimos
1918 832 2285 911 laudabit.

143 954 297 1047 Nec
327 968 606 1025 tantum
631 976 750 1023 eos
770 1004 792 1043 .,
829 974 1014 1048 quos
1040 944 1158 1019 alii
1193 974 1476 1048 quoque
1507 950 1839 1024 laudibus
1874 966 2034 1023 ante
2064 950 2290 1024 'deco-

143 1071 458 1143 rauerint
486 1124 507 1161 ‚
536 1073 784 1140 ueru‘m
821 1066 1196 1164 conquiret
1229 1065 1400 1141 deos
1432 1084 1506 1140 et
1526 1082 1556 1117 ⁰
1582 1068 1905 1143 homines
1938 1095 1977 1141 a
2004 1081 2287 1141 cetero-

141 1215 307 1262 rum
332 1187 663 1261 laudibus
693 1186 1188 1259 relictissimos
1215 1243 1237 1282 .,
1295 1188 1536 1289 ibique
1576 1190 1855 1287 siguum
1878 1187 2283 1286 benignita-

145 1311 236 1383 tis
273 1323 652 1408 expromat
680 1363 696 1377 .
754 1309 858 1381 Ut
913 1306 1227 1404 agricola
1267 1335 1516 1405 agrum
1547 1310 1903 1385 intactum
1938 1311 1999 1383 si
2038 1334 2290 1383 conse-

140 1443 256 1501 rat
285 1484 306 1517 ,
359 1428 761 1502 laboriosus
812 1441 970 1519 est3
1039 1428 1374 1503 sacerdos
1431 1430 1490 1503 si
1531 1443 1707 1532 aput
1753 1430 1999 1503 fanum
2043 1428 2286 1502 deser-

147 1561 309 1621 tum
339 1562 412 1621 et
445 1549 687 1621 auium
721 1548 1074 1622 sacrificet
1109 1603 1131 1642 .,
1189 1546 1556 1645 religiosus
1593 1563 1704 1624 est
1734 1604 1783 1619 ..

353 1666 700 1783 Laudabo
739 1654 950 1765 igitur
998 1668 1172 1744 deos
1221 1670 1692 1771 infrequentes
1725 1669 2015 1772 quidem
2054 1698 2095 1742 a
2124 1669 2287 1743 lau·-

148 1787 410 1881 dibus,
464 1814 718 1861 uerum
761 1785 832 1861 in
895 1818 1021 1863 usu
1079 1790 1418 1891 cultuque
1473 1792 1790 1865 humano
1858 1789 2302 1891 frequentis-.

151 1908 376 1981 simos
404 1963 427 1999 ‚
483 1908 763 1981 sumum
819 1923 893 1982 et
938 1910 1310 2012 puluerem
1347 1962 1369 2004 ‚
1425 1912 1574 1984 sine
1607 1912 1771 2013 quis
1801 1936 2027 2010 neque
2060 1934 2219 1981 asae
2249 1898 2293 1955 d

150 2053 376 2127 neque
408 2028 558 2102 foci
591 2054 722 2103 nec
769 2031 916 2103 uiae
941 2087 964 2125 ,
1021 2032 1224 2130 quod
1261 2031 1476 2128 uolgo
1529 2032 1771 2125 aiunt,
1826 2054 1959 2104 nec
1996 2028 2293 2102 semitae

145 2162 581 2245 usurpantur
606 2203 625 2219 .
680 2147 898 2241 Quod
947 2149 1168 2248 siquis
1222 2148 1366 2221 hoc
1403 2150 1729 2247 primum
1764 2148 2067 2247 ambigit
2089 2158 2120 2193 θ
2147 2146 2290 2219 ha-

143 2264 506 2339 bendusnc
551 2258 582 2315 f
623 2266 718 2339 sit
781 2266 1015 2340 fumus
1075 2267 1150 2339 in
1202 2294 1502 2343 numero
1561 2268 1869 2342 deorum
1923 2323 1947 2363 .,
2019 2264 2295 2363 cogitet.

146 2399 400 2459 uentos
423 2412 709 2487 quoque
741 2387 808 2457 in
839 2386 1056 2459 deum
1089 2414 1388 2461 numero
1424 2386 1668 2461 haberi
1698 2422 1717 2459 ε
1771 2412 2087 2488 quaeque
2122 2398 2289 2457 sunt

149 2503 355 2578 fumo
382 2503 790 2579 simillimae
809 2560 836 2599 ‚‚
873 2505 1161 2581 nebulas
1190 2506 1550 2607 nubesque
1578 2508 1816 2606 putari
1842 2505 2009 2579 deas
2030 2517 2078 2600 ¹,
2111 2517 2184 2576 et
2215 2503 2295 2575 in

152 2624 352 2699 caelo
407 2628 732 2727 conspici
779 2658 800 2720 ς
855 2642 930 2701 et
959 2684 984 2723 .‚
1041 2640 1124 2700 ut
1179 2642 1435 2728 poetae
1484 2630 1719 2703 ferunt
1770 2626 2055 2701 amiciri
2112 2623 2291 2721 deos

149 2746 458 2820 nubibus
482 2759 516 2797 2
545 2804 568 2839 ,
605 2762 675 2821 et
695 2748 857 2821 Ioui
881 2748 1280 2847 Iunonique
1309 2748 1737 2825 cubantibus
1766 2747 2027 2820 nubem
2053 2744 2145 2817 ab
2180 2768 2293 2816 ar-

147 2867 358 2941 bitris
399 2866 754 2942 obstitisse
779 2860 816 2919 3
841 2924 862 2941 .
917 2869 1137 2961 Quod
1174 2896 1363 2945 nunc
1403 2882 1442 2938 8
1473 2870 1755 2945 diuinae
1792 2882 2079 2951 naturae
2114 2892 2294 2967 pro-

147 2986 392 3086 prium
417 3004 582 3082 est,
637 3012 771 3063 nec
824 2988 1110 3061 fumum
1151 3016 1366 3063 manu
1399 2988 1834 3090 preliendere
1872 3014 2003 3062 nec
2055 2985 2289 3061 solem

149 3135 364 3209 queas
401 3164 424 3205 .,
479 3136 703 3211 neque
747 3111 1015 3185 uincire
1047 3136 1276 3212 neque
1305 3112 1674 3187 uerberare
1706 3136 1930 3217 neque
1966 3108 2289 3183 detinere

145 3256 436 3329 neque,
485 3228 602 3304 uel
651 3230 1038 3307 minimum
1091 3233 1312 3307 rimae
1371 3232 1434 3307 si
1488 3232 1833 3334 deposcat
1854 3284 1881 3325 ‚
1933 3204 2305 3301 exclude-r
2416 3202 2464 3247 *
2527 3206 2637 3315 Q·

147 3382 228 3429 τε
260 3347 304 3388 *
329 3408 662 3431 .....
1401 3369 1406 3390 ¹
2156 3397 2164 3405 .
2296 3330 2609 3423 XXXX
2643 3326 2763 3409 lll.

223 3550 260 3581 a
294 3530 412 3583 eod.
445 3531 703 3599 praecari.
775 3530 805 3581 b
841 3532 916 3583 Ita
951 3533 1001 3582 in
1036 3544 1220 3592 textn5
1256 3544 1306 3580 at
1339 3533 1388 3581 in
1422 3548 1530 3581 mar
1580 3548 1670 3589 ue,
1706 3526 1795 3579 nbi
1832 3528 2068 3593 repetitur
2104 3541 2291 3580 senten·

148 3605 224 3655 tia
243 3640 256 3661 ‚
299 3602 524 3655 scribitur
555 3618 697 3670 opere
717 3640 730 3654 .
803 3620 832 3652 c
866 3611 934 3655 Et
967 3604 1097 3653 dcent
1135 3602 1186 3651 in
1231 3600 1458 3653 tehedie.
1523 3550 1575 3650 51
1595 3608 1692 3653 Asa
1723 3614 1815 3666 pro
1858 3616 1953 3648 am
1994 3598 2117 3651 Gen.
2170 3600 2294 3653 1111.

153 3678 184 3725 3
210 3711 225 3733 ,
261 3674 478 3725 Mncmb.
515 3688 698 3721 saturn.
733 3674 834 3725 111.
873 3690 902 3723 2
925 3710 941 3733 ‚
979 3672 1178 3724 Seruius
1211 3670 1276 3722 ed
1329 3670 1881 3737 een.1111.219·e
1916 3669 2037 3723 eod.
2089 3668 2291 3721 abicit.

131 3742 192 3817 f
215 3744 336 3797 eod.
357 3741 738 3814 habendasque.
805 3762 846 3814 g
883 3748 957 3796 Ita
997 3744 1111 3797 cod.

247 3924 270 3961 ι
323 3904 421 3961 Ex.
453 3921 539 3979 gr.
563 3903 720 3979 apud
721 3904 1186 3988 'Aristophanem
1272 3900 1388 3982 327
1431 3898 1861 3957 intercesserint
1892 3894 2295 3974 quaterniones

147 3986 218 4042 in
247 3986 531 4043 nubibus.
1268 3994 1384 4041 tres
1419 3994 1444 4059 (
1477 4002 1576 4041 seu
1613 3985 1767 4049 duo;
1810 3982 2005 4041 confer
2060 3980 2193 4037 adn.
2232 4004 2291 4058 p.

239 4072 518 4127 anm-at.
567 4064 667 4123 od.
703 4069 748 4126 1.
786 4090 841 4127 α.
879 4070 976 4129 31.
1265 4064 1584 4139 316)licet
1624 4068 1745 4123 sere
1780 4064 2080 4124 aestimare
2116 4085 2295 4138 quan-

241 4154 280 4212 3
328 4153 496 4211 Iliad.
541 4146 602 4223 ξ.
641 4152 776 4213 350.
817 4152 951 4212 351.
1266 4159 1318 4203 ta
1353 4148 1623 4207 materiae
1656 4168 1793 4226 pars
1840 4148 1907 4207 in
1938 4146 2157 4205 lacunis
2192 4168 2297 4226 pe·-

239 4240 278 4304 4
323 4239 514 4310 Quum
548 4236 774 4316 interp.
811 4238 932 4299 316
952 4234 1178 4294 etham:
1260 4230 1424 4289 rierit
1446 4270 1465 4287 .
