3384 5134
153 752 180 768 .
211 752 231 768 .
265 748 286 767 .
319 697 438 769 Di
457 746 481 784 ‚
532 698 603 769 si
629 708 836 769 recte
861 719 1250 784 meremur,
1279 708 1355 769 et
1379 693 1564 768 mihi
1600 691 1829 767 filiam
1858 708 1935 769 et
1964 694 2102 769 tibi
2139 720 2323 771 uxo-

151 842 346 909 rem,
363 827 446 888 nt
467 826 660 888 recte
681 814 1092 914 proueniat,
1119 814 1488 909 fauebunt,
1515 826 1590 887 et
1615 813 1969 889 familiam
1992 830 2319 893 nostram

155 936 418 1011 liberis
449 960 536 1009 ac
573 934 960 1036 nepotibus
993 935 1349 1032 augebunt
1375 982 1398 1025 ‚
1451 947 1524 1007 et
1560 959 1688 1008 eos
1718 934 1843 1035 qui
1876 961 1970 1009 ex
2002 950 2073 1009 te
2101 936 2325 1034 geniti

149 1071 326 1131 sunt
343 1069 694 1158 eruntque
717 1111 740 1150 ‚
783 1055 887 1127 tui
913 1054 1180 1129 similes
1200 1054 1707 1157 praestabunt.
1761 1053 1952 1127 Cum
1980 1055 2121 1127 isto
2148 1057 2320 1157 qui?

149 1178 340 1252 dem·
369 1180 518 1253 siue
555 1177 951 1252 Uictorino
989 1192 1246 1252 nostro
1283 1178 1430 1251 siue
1461 1178 1835 1251 Frontone
1868 1188 1887 1223 ¹
1916 1175 2320 1253 cotidianae

147 1302 339 1374 mihi
365 1300 528 1374 lites
563 1313 640 1371 et
675 1298 901 1397 iurgia
929 1297 1422 1372 intercedunt.
1456 1296 1654 1388 Qum
1675 1312 1709 1347 Β
1738 1312 1811 1372 tu
1836 1296 2117 1369 nullam
2146 1321 2315 1371 um?

147 1447 378 1522 quam
407 1419 818 1505 mercedem
849 1417 1066 1492 ullius
1097 1420 1200 1492 rei
1237 1414 1545 1517 agendae
1561 1404 2013 1491 ‘dicendaeue
2042 1443 2085 1489 a
2123 1442 2311 1517 quo-

151 1569 378 1643 quam
410 1539 805 1643 postularis
827 1554 860 1591 2
889 1596 912 1636 ‚
969 1543 1251 1616 Fronto
1279 1542 1412 1614 iste
1449 1539 1735 1613 nullum
1770 1538 2075 1614 uerbum
2116 1538 2317 1638 prius

148 1688 382 1764 neque
403 1662 846 1763 frequentius
871 1662 1236 1761 congarrit
1258 1716 1277 1750 ‚
1333 1687 1558 1762 quam
1579 1660 1729 1734 hoc
1756 1684 1903 1733 nx:
1933 1682 2085 1757 ,ego
2142 1682 2319 1731 con-

149 1800 261 1860 tra
305 1784 508 1887 quod
535 1809 845 1884 possum
877 1798 1005 1857 aut
1060 1782 1426 1857 chartulas
1459 1782 1530 1855 ei
1565 1795 1692 1855 aut
1730 1779 2027 1855 tabellas
2064 1766 2311 1881 porri-

145 1933 240 2005 go
266 1963 289 2000 .‚
345 1930 654 2007 quarum
681 1929 922 1976 rerum
961 1902 1353 2002 petitorem
1388 1927 1556 1974 eum
1591 1925 1741 1973 esse
1778 1899 2002 1997 cupio
2033 1951 2051 1967 .
2108 1897 2176 1971 N
2182 1922 2317 1969 on-

143 2025 342 2099 nulla
396 2040 640 2098 tamen
663 2037 740 2097 et
776 2024 952 2097 auiti
984 2022 1251 2120 ingenii
1309 2023 1508 2118 signa
1555 2018 1877 2093 ostendit
1900 2074 1921 2089 .
1975 2018 2313 2091 Uuarum
2413 2052 2427 2063 ·

143 2130 606 2223 auidissimus
633 2158 764 2218 est:
792 2144 1118 2245 primum
1145 2144 1448 2243 denique
1467 2142 1659 2215 hunc
1691 2140 1943 2213 cibum
1975 2135 2182 2235 deglu
2193 2135 2314 2211 tti-

138 2268 254 2341 uit
276 2322 298 2363 .,
351 2275 488 2340 nec
527 2267 836 2341 cessauit
859 2292 988 2366 per
1025 2280 1232 2339 totos
1257 2291 1484 2365 paene
1517 2264 1671 2337 dies
1700 2276 1827 2335 aut
1852 2261 2089 2361 lingua
2122 2258 2309 2334 lam·-

139 2387 310 2460 bere
330 2378 370 2437 Β
391 2386 615 2460 ubam
647 2400 772 2459 aut
810 2384 1035 2459 labris
1076 2386 1336 2459 sauiari
1363 2398 1486 2457 aut
1517 2382 1817 2482 gingiuis
1852 2380 2195 2455 lacessere
2221 2402 2309 2452 ac
2394 2436 2415 2455 2

135 2505 488 2581 ludici-ari
514 2560 535 2578 .
586 2503 1065 2581 Anicularum
1097 2508 1322 2579 etiam
1357 2503 1873 2605 cupidissimus
1904 2498 2125 2604 pullis
2154 2495 2310 2599 gal-

138 2628 458 2701 linarum
479 2680 508 2721 ,
565 2626 1076 2702 columbarum
1114 2682 1136 2722 ‚
1195 2653 1566 2727 passerum
1622 2624 2031 2701 oblectatur
2070 2656 2093 2695 =
2162 2646 2319 2723 quo

135 2747 380 2822 studio
435 2774 556 2821 me
608 2776 646 2821 a
684 2748 920 2849 prima
973 2748 1279 2820 infantia
1331 2746 1757 2821 deuinctum
1812 2746 2026 2819 fuisse
2096 2768 2309 2845 saepe

133 2867 384 2942 audiui
409 2894 501 2942 ex
533 2869 645 2942 his
679 2870 804 2970 qui
827 2867 1010 2941 mihi
1042 2868 1424 2942 eductores
1453 2884 1580 2943 aut
1608 2867 1932 2966 magistri
1963 2865 2250 2941 fuerunt
2270 2916 2297 2939 0

136 2990 370 3062 Senex
401 2987 622 3061 etiam
655 3002 930 3089 quanto
977 2988 1360 3090 perdicum
1411 2990 1655 3063 studio
1691 3004 1927 3062 tenear
1949 2978 1985 3037 3
2008 3042 2031 3081 .‚
2086 3008 2306 3060 nemo

137 3118 252 3179 est
275 3162 298 3201 ‚
357 3105 485 3206 qui
509 3132 626 3179 mc
656 3106 914 3181 leuiter
939 3110 1226 3182 nouerit
1246 3162 1268 3198 ,
1324 3109 1451 3209 qui
1483 3110 1757 3184 nesciat
1788 3164 1807 3181 .
1862 3094 2165 3181 Nullum
2193 3118 2309 3179 est

133 3225 332 3299 enim
398 3226 678 3299 factum
735 3253 986 3302 meum
1039 3228 1418 3304 dictumue
1447 3284 1468 3324 .,
1527 3228 1729 3330 quod
1783 3228 1973 3302 clam
2046 3224 2301 3301 ceteris

124 3372 279 3419 esse
315 3345 536 3419 uelim
566 3380 584 3417 ε
639 3347 812 3449 quin
855 3348 970 3421 cui
1024 3349 1124 3422 rei
1167 3348 1506 3423 mihimet
1537 3350 1699 3451 ipse
1732 3348 2073 3423 conscius
2110 3344 2250 3419 sim
2277 3396 2301 3435 ,

133 3478 416 3543 ceteros
460 3492 748 3569 quoque
781 3495 1029 3543 omnes
1061 3468 1260 3543 iuxta
1298 3490 1590 3543 mecum
1626 3468 1813 3545 scire
1840 3464 2065 3542 uelim
2096 3519 2113 3537 .
2158 3517 2178 3538 .
2221 3518 2242 3534 .
2264 3471 2303 3513 θ

199 3694 236 3729 a
269 3676 348 3729 In
383 3694 478 3747 pro
535 3696 651 3731 cum
689 3682 834 3731 etiam
879 3682 932 3733 in
969 3684 1112 3733 tertio
1146 3681 1249 3732 Cic.
1287 3680 1350 3733 de
1397 3700 1504 3749 rep.
1574 3678 1604 3731 b
1630 3695 1705 3731 ιιι
1734 3682 1847 3734 cod.
1885 3682 1977 3734 eui
2012 3676 2162 3749 paulo
2206 3642 2301 3731 ans

119 3760 176 3801 te
209 3764 436 3802 unarum
457 3782 473 3799 ·
541 3768 574 3801 c
606 3752 954 3805 Desidet-ntur
994 3754 1060 3805 ad
1110 3751 1261 3805 finem
1299 3754 1544 3823 epistulae·
1579 3770 1750 3804 uersus
1792 3766 1929 3806 xxn.

213 3948 236 3983 r
287 3929 574 4007 Loquitur
608 3934 827 3991 Fronto
859 3935 934 3992 de
956 3934 1160 3995 Victo·
1241 3932 1366 4005 nis,
1389 3934 1464 3991 de
1495 3954 1610 4010 quo
1629 3932 1821 3993 recole
1852 3930 2297 4009 inscriptionem

119 4008 236 4065 riui
273 4010 494 4083 filiolo,
529 4014 628 4091 qul
654 4016 816 4093 apud
855 4038 916 4075 se
953 4018 1164 4077 educa-
1243 4020 1642 4098 pisaurensem
1676 4040 1735 4095 p.
1780 4022 1917 4077 216.

116 4092 299 4152 hatur
330 4136 350 4164 ,
414 4100 516 4155 M.
567 4098 806 4157 Aufidio
858 4100 1162 4161 Victorino
1329 4124 1360 4161 2
1410 4104 1495 4157 De
1515 4099 1803 4160 Victorini
1822 4096 2173 4161 abstinentia
2208 4096 2295 4159 lo-

115 4176 452 4247 Frontone3
483 4180 583 4255 qui
607 4181 821 4239 deinde
839 4196 1000 4260 pater
1023 4184 1156 4254 suit,
1241 4204 1313 4265 ge
1359 4183 1606 4241 Dionem
1644 4206 1837 4242 zxxu.
1916 4204 2005 4242 ιι.

117 4269 185 4316 ut
212 4258 505 4334 arbitror,
539 4266 638 4327 M.
662 4263 886 4329 Aufidii
917 4268 1164 4331 Fronto·
1328 4268 1366 4329 5
1408 4268 1622 4329 Confer
1653 4268 1733 4329 ad
1771 4270 1865 4332 M.
1903 4270 2065 4329 Gaes.
2104 4261 2289 4346 VJ?-
