3384 5134
999 512 1046 560 τ,
1083 515 1108 561 ι
1139 514 1174 561 n
1203 516 1246 565 n
1271 516 1316 563 a
1439 511 1466 563 ι
2149 492 2299 587 293

152 607 508 679 amauerit
541 600 1054 710 quem[piam]
1101 608 1336 681 subita
1365 608 1476 681 uel
1527 607 1815 680 leuitate
1862 630 2151 679 morum
2192 608 2308 679 uel

157 728 378 825 copia
413 748 770 801 nouorum
803 729 1212 802 amicorum
1249 728 1525 801 desinat
1557 750 1797 800 amare
1822 722 1863 761 *
1888 721 1930 801 ?
1963 728 2117 799 Scis
2152 754 2311 799 sae·-

157 872 563 947 penumero
615 847 761 920 hoc
814 861 849 897 ⁸
889 848 1138 921 multis
1179 850 1582 923 usuuenisse
1610 904 1632 943 .,
1681 848 1809 921 sed
1842 872 1985 921 non
2034 862 2319 919 nostrae

155 991 536 1039 mensurae
561 966 980 1041 hominibus
1017 1022 1036 1037 .
1067 1023 1084 1039 .
1111 968 1254 1041 hoc
1288 1025 1306 1039 .
1343 1024 1362 1039 .
1387 964 1562 1040 alias
1591 1022 1609 1038 .
1651 1023 1668 1038 .
1698 966 1953 1039 amicis
1988 1018 2008 1037 .
2034 1017 2053 1035 .
2088 958 2124 1014 b
2150 964 2319 1037 dili-

163 1077 542 1189 ge[ntiae]
582 1142 601 1158 .
643 1142 664 1158 .
697 1099 728 1137 ⁰
761 1100 1042 1161 nostrae
1075 1086 1538 1161 mediocritas
1569 1088 1827 1160 retinet
1852 1141 1871 1156 .

283 1386 294 1394 .
325 1348 572 1402 xxlu.
648 1351 940 1401 raou‘ro
993 1351 1256 1401 saamo
1299 1351 1715 1402 sarunumo
1770 1350 2107 1403 saum-mu
2138 1380 2159 1397 .

384 1568 914 1643 Gaamssnuum
954 1593 1200 1641 casum
1237 1581 1442 1639 tuum
1467 1562 1508 1603 *
1537 1570 1803 1641 recenti
1836 1567 2026 1641 malo
2057 1593 2325 1641 conso-

167 1682 310 1763 lari
345 1690 663 1788 nequiui.‚
687 1687 1092 1789 periculosa
1127 1690 1531 1763 ualetudine
1563 1692 1717 1789 ipse
1748 1704 1815 1761 et
1840 1682 1882 1740 d,
1904 1692 1977 1761 in
2006 1690 2150 1759 hoc
2190 1714 2321 1759 us·-

171 1833 314 1907 que
367 1822 652 1909 tempus
714 1811 1200 1884 comflictatus
1235 1823 1316 1904 ⁰3
1375 1836 1544 1884 cum
1597 1810 1891 1910 quidem
1938 1809 2115 1881 mihi
2155 1808 2317 1879 lan-

169 1952 394 2024 guore
447 1926 628 2003 fesso
687 1927 1010 2029 plurium
1057 1932 1580 2028 aegritudinum
1646 1926 1971 2033 [uenit]
2034 1931 2321 2001 nuntius

173 2046 422 2123 amissi
458 2050 734 2125 iuuenis
767 2052 996 2126 nostri
1023 2110 1048 2147 .,
1085 2079 1302 2154 quem
1335 2054 1466 2127 tibi
1507 2054 1872 2152 optimum
1902 2050 2132 2123 filium
2170 2050 2323 2121 sors

173 2169 420 2269 iniqua
453 2169 753 2243 abstulit
778 2226 800 2265 .,
845 2172 1028 2245 mihi
1059 2174 1656 2261 iucundissimum
1691 2167 2277 2246 contubernalem
2302 2216 2324 2235 .

178 2291 420 2382 Quam
439 2282 536 2365 οἶ)
558 2318 714 2365 rem
748 2318 1187 2395 quamquam
1227 2296 1618 2395 reciperata
1645 2294 1740 2367 sit
1773 2288 2166 2367 commoda
2190 2314 2323 2359 ua-

172 2407 426 2483 letudo
452 2467 476 2505 ‚
547 2413 830 2486 tristitia
883 2429 1121 2488 tamen
1204 2416 1522 2489 inhaeret
1583 2414 1829 2487 animo
1885 2434 2052 2483 meo
2078 2464 2103 2499 ,
2158 2432 2325 2479 ma-

175 2529 423 2629 gisque
455 2529 528 2605 in
565 2530 720 2605 'dies
749 2548 1040 2631 augetur
1075 2562 1394 2610 maerore
1430 2534 1620 2636 Lupi
1659 2534 1784 2607 ·N·
1812 2544 1831 2578 ¹
1854 2531 2145 2603 fratrem
2180 2552 2324 2624 op-

183 2647 448 2723 timum
482 2652 736 2725 misere
770 2652 1238 2728 desiderantis
1266 2710 1287 2726 .
1341 2654 1588 2745 Quom
1625 2661 2069 2752 praesentem
2106 2669 2190 2717 ac
2209 2640 2327 2713 lo:-

186 2782 527 2866 quentem
585 2772 712 2845 uix
767 2772 1178 2845 consolarer
1199 2826 1220 2863 ,
1285 2771 1514 2846 sentio
1569 2796 1791 2872 quam
1860 2760 2151 2841 difficile
2183 2754 2211 2808 s
2254 2774 2321 2831 te

185 2886 550 2963 absentem
603 2918 734 2992 per
782 2891 1052 2967 litteras
1111 2891 1480 2968 consolari
1504 2948 1522 2965 .
1579 2892 1841 2991 Neque·
1897 2880 2192 2986 postulo
2250 2888 2333 2949 ²1¹2

181 3032 494 3083 maerere
547 3011 870 3106 desinam,
925 3011 1004 3084 id
1049 3013 1240 3087 enim
1293 3012 1558 3087 frustra
1586 3006 2017 3115 postulabO,
2074 3000 2201 3074 sed
2250 3009 2333 3070 ut

377 3359 410 3389 ⁴*
454 3358 558 3423 M.
605 3354 997 3425 Amicorum
1053 3354 1239 3445 eopia
1305 3350 1601 3420 ueterem
1681 3350 1973 3415 amicum
2076 3346 2333 3429 desinat

195 3470 417 3517 amare
465 3499 483 3515 .

377 3542 410 3575 ⁴
453 3542 560 3611 M.
612 3536 1108 3611 consolatoriae
1130 3566 1165 3607 a
1199 3584 1218 3604 .

258 3800 296 3831 a
329 3778 543 3829 Schedae
573 3793 683 3845 post
708 3777 800 3827 hoc
837 3774 1028 3825 addunt
1059 3788 1203 3843 saepe
1224 3808 1239 3831 ‚
1275 3773 1365 3823 etti
1417 3771 1676 3837 praecenit
1732 3766 2128 3841 saepenumero.
2204 3768 2235 3819 b
2272 3772 2337 3825 In

191 3853 272 3904 hi·
308 3851 496 3903 lncani·
538 3863 653 3900 aunt
711 3862 882 3897 uersu·
935 3848 1157 3915 quinque
1182 3879 1193 3892 .
1261 3858 1292 3893 c
1326 3842 1511 3912 supple
1569 3856 1728 3891 unum
1774 3842 1981 3893 uerbum
2016 3875 2031 3893 .
2096 3839 2135 3891 d
2166 3839 2339 3897 Malim

193 3925 436 3999 ipsemet.
505 3938 534 3970 e
569 3921 647 3971 Ita
690 3918 796 3969 eod.
855 3912 1116 3989 fSupple
1157 3914 1257 3966 εἱε.
2320 3921 2327 3929 ·

285 4124 306 4161 ι
359 4100 574 4159 Recole
607 4121 696 4178 ep.
738 4120 878 4157 xm.
1311 4096 1452 4156 olim
1485 4098 1546 4155 in
1581 4098 1778 4157 codice
1802 4098 2029 4179 integro
2061 4074 2348 4177 epistulae

285 4206 322 4253 α,
363 4186 586 4263 Nempe
636 4180 782 4241 aliae
843 4181 1231 4261 sequebantur
1313 4182 1733 4242 consolatoriae
1754 4224 1769 4242 .
2326 4178 2333 4183 ’
