3384 5134
781 450 876 503 Αι)
966 450 1410 503 mmmmm
1492 454 1682 503 rum
2152 428 2299 509 255

149 554 294 627 nisi
325 551 580 627 saltem
618 561 649 598 ⁸
682 546 1137 651 deprecando
1191 544 1560 621 subleuem
1602 604 1620 619 .
1673 548 1846 623 Fuit
1886 552 2035 627 sine
2075 551 2300 631 dubio

151 676 374 773 Niger
426 670 810 747 Censorius
873 667 1266 747 uerborum
1319 694 1618 747 suorum
1665 670 1877 771 inpos
1928 688 2001 747 et
2054 675 2295 751 minus

151 774 724 887 consideratus,-
755 791 880 867 sed
918 791 1112 865 idem
1160 792 1556 867 multarum
1590 822 1829 869 rerum
1866 796 2051 895 frugi
2080 798 2193 871 uir
2224 810 2297 873 et

143 934 220 991 et
252 918 462 991 fortis
495 932 570 991 et
604 918 949 991 innocens
977 971 996 987 .
1053 918 1246 991 Tuae
1302 915 1722 993 clementiae
1763 932 1869 991 est
1894 974 1918 1012 ‚
1972 920 2295 1020 impera-

149 1052 316 1129 tor,
373 1038 662 1111 unicam
700 1036 1020 1110 hominis
1071 1037 1466 1115 uerborum
1497 1037 1799 1140 culpam
1832 1063 2006 1113 cum
2040 1040 2297 1117 ceteris

141 1159 300 1231 eius
325 1172 516 1233 recte
539 1159 746 1233 factis
779 1157 1174 1259 ponderare
1200 1214 1220 1230 .
1273 1162 1431 1257 Ego
1459 1160 1755 1261 quidem
1784 1159 1877 1233 ad
1898 1161 2298 1233 amicitiam

141 1279 298 1350 eius
359 1279 630 1351 accessi
689 1306 858 1353 cum
909 1278 1112 1353 aliis'
1134 1287 1272 1381 qui
1341 1305 1496 1353 rem
1535 1308 1620 1379 p.
1663 1272 1703 1327 ¹³
1736 1292 2017 1357 strenua
2078 1304 2296 1379 opera
2326 1304 2333 1311 ’

145 1398 356 1471 (lomi
394 1398 706 1500 bellique
733 1414 1314 1500 promeruerant.
1370 1400 1480 1473 Ut
1513 1414 1789 1473 ceteros
1823 1400 1973 1472 eius
2008 1399 2294 1475 amicos

147 1522 513 1609 omittam,
542 1523 868 1597 Turboni
894 1524 1166 1598 Marcio
1193 1536 1215 1571 ¹
1239 1537 1310 1595 et
1332 1522 1604 1596 Erucio
1623 1521 1839 1596 Claro
1857 1532 1889 1571 2
1910 1536 2059 1594 erat
2086 1520 2299 1595 sami-

139 1638 564 1718 liarissimus
587 1679 604 1715 ε
627 1644 748 1746 qui
784 1646 931 1720 duo
963 1647 1194 1745 egregi
1216 1658 1246 1695 ⁰
1270 1646 1409 1720 uiri
1435 1645 1615 1718 alter
1643 1642 1994 1744 equestris
2016 1632 2081 1735 3,
2112 1640 2295 1715 alter

145 1764 483 1835 senatorii
498 1756 538 1811 d
554 1764 821 1839 ordinis
839 1766 1142 1865 primari
1159 1778 1188 1813 Β
1207 1765 1494 1838 fuerunt
1511 1820 1530 1835 .
1555 1764 1817 1836 Postea
1841 1788 2009 1834 uero
2032 1788 2121 1833 ex
2152 1759 2289 1831 tuis

135 1884 356 1957 etiam
411 1885 700 1959 iudiciis
729 1889 792 1960 ei
820 1888 1218 1988 plurimum
1271 1904 1345 1961 et
1392 1885 1697 1960 honoris
1734 1898 1809 1957 et
1832 1883 2285 1956 auctoritatis

138 2021 532 2079 accesserat
562 2062 578 2077 .
635 2009 826 2082 Talis
863 2036 998 2107 ego
1031 2012 1168 2082 uiri
1200 2010 1598 2083 amicitiam
1635 1995 1958 2106 appetiui
1990 2060 2009 2074 .
2064 2004 2283 2076 Haud

135 2128 368 2199 sciam
425 2154 512 2203 an
559 2129 691 2229 „qu‘i
723 2122 751 2177 f
775 2130 974 2203 dicat
1012 2129 1343 2204 debuisse
1379 2157 1500 2204 me
1548 2127 1949 2201 amicitiam
1994 2148 2162 2196 eum
2196 2149 2285 2196 eo

129 2247 502 2345 desinere,
557 2265 948 2350 postquam
995 2276 1479 2349 cognoueram
1520 2250 1820 2347 gratiam
1871 2246 2021 2319 eius
2077 2242 2279 2345 apud

127 2370 458 2443 animum
493 2384 698 2443 tuum
750 2372 1214 2445 imminutam
1243 2428 1260 2443 .
1319 2370 1737 2471 Numquam
1786 2370 1877 2441 ita
1924 2366 2280 2441 animatus

126 2492 232 2563 sui
257 2546 279 2579 ‚
331 2492 730 2592 imperator
765 2549 789 2587 ‚
847 2506 938 2593 ut·
975 2510 1268 2595 coeptas
1320 2494 1397 2566 in
1431 2494 1640 2566 rebus
1675 2489 2043 2592 prosperis
2076 2486 2271 2559 ami-

129 2614 344 2684 citias
370 2668 393 2704 .‚
448 2612 692 2713 siquid
742 2614 1024 2688 aduersi
1095 2614 1566 2714 increpuisset
1599 2669 1621 2707 .,
1679 2613 2077 2684 desererem
2106 2662 2125 2677 .
2178 2608 2281 2679 Et

127 2734 478 2826 omninog
539 2759 670 2807 cur
703 2737 898 2813 enim
933 2762 1080 2808 non
1105 2736 1524 2809 sententiam
1560 2732 1785 2806 animi
1813 2730 1956 2802 mei
1991 2751 2274 2827 expro-

127 2878 330 2925 mam
358 2845 400 2926 ⁴?
449 2856 600 2950 Ego
627 2848 670 2889 *
702 2882 868 2929 eum
891 2855 1015 2955 qui
1042 2867 1112 2927 te
1134 2882 1278 2928 non
1305 2854 1582 2927 amabit
1605 2908 1628 2947 .,
1683 2852 1917 2925 hostis
1964 2870 2273 2920 numero

120 2969 414 3045 habebo
444 3008 464 3044 ε
517 3000 732 3074 quem
765 3003 936 3049 uero
965 2992 1042 3049 tu
1069 2976 1306 3048 minus
1345 2974 1620 3057 amabis
1646 3030 1669 3066 .‚
1701 2974 2045 3045 miserum
2076 2978 2113 3035 8
2142 2991 2281 3067 po·-

285 3189 316 3217 *
363 3190 463 3255 M.
513 3188 964 3280 Panegyricus
1003 3238 1021 3253 .

191 3426 230 3456 a
266 3406 341 3455 In
367 3404 474 3457 cod.
522 3421 569 3457 2.
610 3424 804 3467 manu3
845 3425 894 3457 nt
959 3423 1001 3457 1.
1041 3406 1248 3455 saltuem
1282 3446 1294 3458 .
1365 3404 1394 3455 b
1431 3408 1641 3457 Tantum
1675 3404 1777 3456 fere
1810 3405 2075 3471 spatiorum
2124 3406 2277 3457 oblit-

27 3474 36 3487 '
115 3493 392 3529 tentorum
435 3478 484 3525 in
527 3478 692 3529 codice
727 3496 830 3528 ent.
899 3496 928 3526 c
967 3481 1041 3528 Ita
1073 3477 1277 3529 ochedae
1296 3516 1310 3529 .
1377 3480 1418 3527 d
1453 3478 1671 3529 schedae
1698 3487 1939 3529 'senatvm
2011 3494 2039 3523 e
2066 3476 2143 3525 In
2162 3478 2275 3531 cod.

95 3546 154 3623 f
177 3552 256 3599 Ita
303 3546 412 3621 cod.
443 3550 532 3617 qm·
571 3568 664 3615 pro
704 3551 839 3616 φὴς
875 3565 927 3599 ut
965 3550 1082 3601 alibi
1124 3548 1284 3614 aliqtu'
1319 3566 1412 3615 pro
1466 3550 1646 3617 alc'qnis
1671 3583 1684 3597 .
1756 3568 1791 3619 g
1847 3533 2101 3618 'vigilanti'
2122 3550 2273 3597 uerbo

113 3622 280 3673 utitur
328 3621 508 3669 Fronto
532 3659 544 3670 .
585 3626 802 3689 Namque
839 3623 1076 3676 Asooniua
1110 3622 1173 3674 ad
1208 3622 1306 3672 Cic.
1333 3622 1385 3673 in
1416 3624 1557 3673 verr.
1597 3623 1639 3677 Ι.
1687 3624 1767 3671 15.
1791 3622 1938 3669 miser
1971 3636 2083 3671 cum
2115 3631 2271 3677 esset,

108 3694 384 3742 οἴκει-ωτι
435 3691 664 3741 mazer-nm
707 3712 800 3763 pro
841 3696 1097 3745 enemente
1138 3690 1326 3745 Tullius
1368 3695 1510 3764 poru't
1529 3731 1542 3742 .
1593 3700 1676 3745 Sec
1712 3690 1870 3741 alibi:
1918 3702 1967 3740 ec
2007 3701 2151 3741 erunt
2183 3692 2272 3761 qul

109 3762 258 3813 iliram
277 3795 292 3817 ‚
325 3764 370 3815 εἰ
407 3762 498 3813 hoe
525 3758 702 3835 fecerit
722 3800 736 3821 ‚
791 3784 893 3817 non
944 3764 1218 3839 improbum
1257 3764 1343 3815 sed
1365 3767 1592 3817 misenam
1634 3764 1914 3817 existimari
1943 3760 2099 3815 uelint
2118 3799 2131 3813 .

208 3896 230 3931 ι
283 3878 370 3933 De
421 3879 694 3936 Turbone
747 3878 962 3936 Marcio
1013 3877 1145 3954 lege
1227 3891 1382 3935 mata
1418 3888 1502 3936 est
1538 3918 1552 3931 .
1594 3875 1706 3934 Dio
1744 3896 1969 3933 urm.
2006 3875 2103 3933 30.
2149 3878 2269 3933 Le·-

105 3959 366 4016 Dionem
419 3980 582 4019 tux.
643 3964 732 4031 183
779 3962 916 4019 item
967 3964 1148 4040 Spar-
1229 3982 1302 4039 ge
1337 3974 1394 4017 et
1436 3960 1586 4019 Plin.
1627 3980 1717 4039 ep.
1752 3960 1829 4015 ll.
1866 3976 1941 4033 9,
1978 3955 2136 4017 Gen.
2174 3979 2265 4016 vx.

105 4043 338 4099 tianum
372 4040 432 4098 in
465 4046 650 4101 Hadr.
689 4046 763 4103 V.
1234 4049 1304 4105 6.
1341 4066 1479 4103 xnr.
1515 4065 1604 4121 17.

194 4146 227 4183 2
278 4127 373 4201 Ab
427 4128 635 4185 Erucio
663 4126 860 4199 ,Claro
913 4126 1148 4185 Traiani
1317 4129 1350 4187 3
1399 4127 1586 4195 Testis
1617 4124 1957 4207 Spartianus
1990 4123 2051 4181 in
2084 4120 2267 4183 Hadr-

102 4210 263 4270 duce
300 4210 564 4271 Seleucia
617 4222 784 4289 capta
823 4221 878 4267 et
923 4210 1150 4267 inflam-
1231 4211 1370 4271 1111.
2067 4218 2075 4229 ’
