3384 5134
1032 515 1579 570 casatum-len:
2232 479 2374 576 341

247 708 348 764 An
380 705 600 764 hanena
621 750 639 778 ,
694 705 957 778 caelum,
1012 705 1269 764 trit-icum
1298 707 1569 784 plur-alia
1592 701 2006 760 inueniuntur?
2049 703 2194 756 Item
2228 715 2370 773 qua-

332 805 536 882 drigae
554 849 572 874 ‚
607 803 984 874 inimicitiae,
1018 808 1423 881 nonnullaque
1432 812 1737 880 praetcrea
1771 805 1898 858 alia
1929 797 2258 865 uocabula,
2292 815 2372 852 an.

326 905 628 976 singulari
672 921 913 959 numero
960 901 1431 977 comperiantur?

326 1029 937 1158 Anunascnoeunus
982 1098 1240 1164 Romae,
1274 1093 1609 1172 priusquam
1653 1093 1909 1152 Athenas
1945 1098 2320 1159 concederem
2354 1143 2374 1170 ,

235 1187 474 1260 quando
526 1203 643 1248 erat
692 1213 724 1247 a
774 1191 1067 1268 magistris
1122 1190 1629 1266 auditionibusque
1689 1191 1974 1250 obeundis
2025 1195 2243 1266 otium,
2280 1197 2359 1253 ad

234 1282 593 1345 Frontonem
628 1288 966 1346 Cornelium
1001 1287 1227 1344 uisendi
1265 1288 1453 1363 gratia
1486 1289 1840 1364 pergebam,
1891 1291 2370 1367 sermonibusque

232 1379 365 1438 eius
407 1383 733 1460 purissimis
781 1387 1183 1462 bonarumque
1235 1386 1637 1443 doctrinarum
1680 1385 1874 1462 plenis
1931 1386 2205 1446 fruebar.
2245 1391 2372 1448 Nee

228 1497 507 1556 umquam
550 1481 765 1540 sactum
800 1496 921 1552 est,
976 1483 1241 1561 quotiens
1277 1503 1405 1540 eum
1442 1482 1734 1552 uidimus,
1777 1483 2226 1564 loquentemque
2260 1507 2372 1544 au-

235 1573 529 1646 diuimus,
572 1579 712 1656 quin
739 1580 1059 1638 rediremus
1094 1581 1216 1635 sere
1240 1579 1510 1636 cultiores
1546 1577 1956 1656 doctioresque
1979 1623 1996 1650 ‚
2051 1584 2235 1642 ueluti
2258 1585 2374 1641 fuit

224 1670 339 1729 illa
371 1677 626 1751 quodam
660 1676 759 1734 die
806 1678 1205 1744 sermocinatio
1242 1676 1436 1744 illius,
1483 1675 1598 1733 leui
1636 1676 1876 1751 quidem
1912 1680 1986 1736 de
2042 1702 2146 1752 re,
2197 1687 2302 1742 sed
2336 1705 2371 1742 a

228 1767 450 1828 latinae
486 1785 677 1831 tamen
710 1775 943 1852 linguae
978 1775 1172 1833 studio
1212 1795 1329 1832 non
1362 1773 1681 1832 abhorrens
1702 1817 1715 1829 .
1757 1778 1902 1833 Nam
1927 1797 2056 1836 cum
2089 1781 2376 1856 quispiam

230 1865 543 1927 familiaris
576 1871 697 1928 eius
722 1871 869 1928 bene
903 1871 1165 1934 eruditus
1189 1868 1365 1926 homo
1386 1913 1403 1938 ,
1440 1883 1492 1926 et
1529 1871 1622 1940 (b)
1644 1883 1762 1926 tum
1785 1883 1956 1946 poeta
1996 1872 2378 1944 inlustris,li··

234 1965 503 2025 bet-atum
544 1989 663 2026 esse
701 1989 761 2028 se
780 1989 960 2044 aquae
994 1968 1295 2026 intercutis
1316 1968 1523 2025 morbo
1561 1967 1818 2036 diceret,
1841 1969 2000 2044 qnod
2021 1947 2253 2027 liarenis
2289 1993 2381 2030 ca-

232 2061 497 2136 lentibus
534 2079 680 2122 esset
720 2086 855 2123 usus
899 2091 911 2122 :
953 2078 1074 2123 tum
1122 2063 1413 2122 adludens
1453 2073 1539 2138 (c)
1577 2066 1831 2135 Fronto,
1869 2065 2071 2124 Morbo
2107 2068 2385 2144 quidem,

234 2161 467 2236 inquit,
539 2183 738 2235 cares,
790 2163 897 2222 sed
950 2161 1117 2222 uerbi
1154 2161 1299 2220 uitio
1349 2184 1461 2221 non
1510 2184 1703 2222 cares.
1769 2165 1946 2222 Gaius
1985 2164 2135 2222 enim
2167 2168 2382 2224 Caesar

238 2256 349 2315 ille
398 2273 721 2337 perpetuus
757 2261 1005 2320 dictator
1074 2265 1208 2320 .Gn.
1264 2263 1505 2340 Pompei
1552 2283 1712 2320 socer
1742 2307 1762 2333 ,
1816 2283 1847 2319 a
1896 2283 2008 2340 quo
2057 2263 2277 2320 familia
2319 2277 2381 2322 et

228 2354 557 2432 appellatio
590 2361 899 2416 Caesarum
938 2359 1215 2440 deinceps
1252 2373 1579 2438 propagata
1621 2375 1742 2431 est,
1795 2361 1886 2418 uir
1937 2359 2152 2436 ingenii
2197 2383 2378 2439 prae-

232 2455 535 2526 cellentis,
586 2458 862 2515 sermonis
911 2472 1147 2536 praeter
1182 2458 1330 2516 alios
1395 2479 1531 2518 suae
1578 2460 1786 2517 aetatis
1823 2459 2156 2528 castissimi,
2199 2459 2258 2515 in
2293 2445 2379 2516 li-

230 2552 358 2612 bris
404 2574 547 2631 quos
598 2556 675 2614 ad
710 2559 809 2614 .M.
852 2557 1190 2619 Ciceronem
1246 2557 1319 2615 de
1363 2556 1632 2632 analogia
1686 2555 2066 2634 conscripsit,
2121 2559 2380 2639 harenas·

230 2649 441 2706 uitiose
494 2650 609 2708 dici
659 2651 943 2710 existimat
964 2653 1099 2724 (d),
1148 2653 1309 2730 quod
1358 2656 1588 2712 har-ena
1634 2672 1944 2728 numquam
1990 2650 2382 2710 multitudinis
2481 2685 2486 2693 ·

224 2765 473 2806 numero
531 2748 886 2827 appellanda
936 2753 1041 2823 sit,
1100 2753 1269 2809 sicuti
1302 2770 1489 2828 neque
1528 2755 1792 2819 caelum,
1836 2772 2023 2829 neque
2081 2759 2368 2812 triticum.

224 2845 447 2902 Contra
482 2857 677 2906 autem
736 2847 1103 2928 quadrigas,
1156 2849 1331 2906 etiam
1365 2849 1410 2904 si
1452 2867 1653 2906 currus
1690 2868 1837 2904 unus
1884 2867 2165 2924 equorum
2200 2861 2380 2925 quat-—

224 2952 363 2998 tuor
394 2941 719 3005 iunctorum
752 2967 959 3023 agmen
992 2967 1167 3006 unum
1210 2947 1324 3016 sit,
1378 2944 1677 3023 pluratiuo
1726 2965 1956 3024 semper
1989 2964 2232 3002 numero
2272 2945 2374 3002 di-
2463 2935 2474 2944 ’

226 3038 444 3095 cendas
474 3053 641 3118 putat
666 3085 683 3110 ‚
719 3041 869 3100 sicut
888 3063 1089 3111 arma,
1126 3055 1182 3100 et
1216 3047 1442 3101 moenia
1462 3085 1481 3109 ,
1528 3053 1585 3099 et
1602 3048 1874 3110 comitia,
1914 3051 1971 3097 et
1988 3046 2370 3112 inimicitias,

224 3133 288 3188 ni
326 3134 471 3210 quid
506 3149 704 3193 contra
725 3157 789 3195 ea
820 3137 965 3194 dicis
986 3180 1001 3204 ,
1022 3151 1327 3215 poetarum
1348 3137 1745 3217 pulcherrime
1769 3181 1785 3206 ‚
1808 3159 1921 3214 quo
1940 3145 2028 3210 (e)
2050 3150 2107 3194 et
2143 3150 2198 3194 te
2221 3157 2374 3215 pur·-

226 3251 355 3309 ges,
376 3245 434 3289 et
456 3254 572 3291 non
607 3255 727 3292 esse
746 3235 811 3292 id
830 3233 1037 3292 uitium
1057 3235 1415 3294 demonstres
1434 3273 1449 3292 .
1473 3239 1561 3292 De
1577 3239 1736 3295 caelo
1754 3277 1772 3304 ,
1795 3233 1981 3310 inquit
2001 3223 2125 3304 ille,
2147 3248 2202 3291 et
2221 3240 2380 3292 triti-

225 3351 294 3389 co
314 3349 433 3386 non
452 3329 661 3387 infitias
682 3352 751 3388 eo
772 3375 790 3400 ‚
815 3330 959 3406 quin
976 3330 1207 3406 singulo
1226 3349 1456 3408 semper
1487 3351 1732 3392 numero
1749 3331 2002 3390 dicenda
2023 3319 2375 3408 sinssneque

226 3427 303 3484 de
336 3435 557 3495 armis,
610 3442 667 3486 et
684 3434 929 3488 moeniis
949 3471 965 3496 ,
1001 3441 1057 3484 et
1073 3434 1325 3486 comitiis
1342 3470 1360 3497 ,
1406 3427 1547 3504 quin
1577 3426 1766 3504 figura
1799 3427 2198 3485 multitudinis
2229 3447 2369 3505 per-

220 3537 401 3600 petua
435 3540 809 3594 censeantur3
854 3524 1187 3583 uidebimus
1222 3537 1411 3582 autem
1445 3536 1580 3600 post
1620 3523 1695 3581 de
1735 3530 2068 3583 inimicitiis
2102 3536 2160 3580 et
2209 3545 2370 3602 qna·-

220 3623 447 3698 dr·igis.
494 3627 582 3681 Ac
625 3623 945 3682 fortassean
982 3623 1055 3680 de
1088 3623 1402 3702 quadrigis
1438 3636 1700 3678 ueterum
1749 3621 2086 3680 auctoritati
2126 3632 2368 3678 conces-

224 3741 387 3790 sero;
408 3726 775 3800 inimicitiam
810 3733 1000 3778 tamen
1022 3764 1040 3791 ‚
1061 3719 1209 3777 sicut
1242 3724 1607 3778 inscientiam
1630 3719 1707 3794 (s)
1727 3764 1745 3791 ‚
1766 3731 1826 3778 et
1857 3725 2235 3798 inpotentiam
2258 3759 2274 3784 ,
2310 3730 2372 3774 et

221 3825 509 3878 iniuriam
528 3862 547 3889 ,
582 3839 729 3898 quae
762 3817 913 3874 ratio
950 3831 1037 3875 est
1070 3833 1243 3894 quam
1280 3817 1356 3876 ob
1392 3837 1513 3875 rem
1552 3823 1643 3894 (g)
1672 3821 1758 3878 .C.
1779 3822 1991 3878 Caesar
2025 3815 2116 3874 uel
2156 3815 2376 3906 dictam

273 4036 311 4068 a
348 4015 472 4068 cod.
511 4031 650 4068 1111.
697 4021 744 4066 8.
772 4007 971 4061 Scilicet
1008 4009 1199 4061 ibidem
1244 3983 1394 4061 etiam
1416 4009 1545 4060 liber
1576 4025 1667 4062 xx.
1711 4011 1894 4062 dicitnr
1928 4025 2096 4065 xxm·
2167 4007 2198 4060 ὅ
2235 3982 2382 4060 nenne

203 4099 256 4138 et
296 4092 348 4140 in
406 4086 520 4138 edd.
591 4103 621 4134 c
658 4083 787 4136 Edd.
840 4080 1055 4132 illudens
1106 4122 1119 4135 .
1208 4081 1247 4132 d
1308 4079 1435 4130 Edd.
1501 4071 1877 4150 existimabas.
1944 4099 1976 4134 e
2022 4081 2147 4136 Cod-
2215 4079 2382 4151 quod.

188 4157 235 4233 J
266 4161 393 4212 md.
447 4157 703 4208 inscitiam
728 4188 745 4210 .
808 4171 852 4221 fl
890 4155 965 4204 Ita
997 4153 1109 4204 heic
1138 4158 1265 4214 ,αὶ
1287 4165 1335 4202 at
1354 4169 1501 4220 supra
1550 4154 1748 4206 Gaius.

2501 1091 2627 1146 Gen.
2649 1104 2832 1144 xvim.

2558 1169 2610 1216 a.
2642 1163 2724 1234 (2)
