3384 5134
647 508 928 566 nones
983 520 1168 567 rum
1229 521 1324 569 m·
1382 520 1747 571 ruwems
2001 572 2011 581 ,
2109 492 2279 573 325·

123 613 486 711 tingemnt
537 624 570 661 ⁸
611 667 628 683 .
685 613 829 703 Qui
885 640 958 686 se
1019 614 1092 685 in
1147 614 1510 687 eiusmodi
1570 616 1782 689 rebus
1868 614 2271 691 scribendis

115 736 484 809 exercebit
513 790 536 825 ,
594 734 877 807 crebras
914 736 1291 809 sententias
1327 736 1743 835 conquiret,
1779 761 2034 835 easque
2057 734 2269 809 dense

120 853 576 929 conlocabit¹
598 909 619 948 ,
645 868 719 926 et
747 852 1104 927 subtiliter
1129 854 1507 951 coniunget
1533 910 1554 945 .‚
1582 880 1809 953 neque
1836 854 2051 927 uerba
2078 853 2271 929 mul-

118 992 196 1049 ta
229 977 579 1073 geminata
621 999 1138 1073 superuacanea
1174 975 1500 1047 inferciet
1531 1008 1550 1046 ε
1575 990 1732 1047 tum
1780 992 2071 1072 omnem
2101 1000 2267 1048 sen-

119 1098 424 1169 tentiam
456 1094 770 1167 breuiter
805 1109 878 1167 et
909 1096 1087 1167 scite
1127 1092 1515 1168 concludet
1539 1148 1558 1165 .
1611 1091 1842 1166 Aliter
1868 1093 1943 1166 in
1990 1093 2303 1177 oratio-,

118 1218 333 1292 nibus
393 1214 758 1289 iudicariis
789 1270 811 1309 .,
867 1215 994 1287 ubi
1033 1214 1285 1288 sedulo
1335 1239 1671 1287 curamus
1697 1268 1719 1307 .,
1774 1227 1857 1286 ut
1886 1212 2267 1314 pleraeque

117 1338 504 1411 sententiae
519 1336 766 1409 durius
793 1334 1155 1409 interdum
1181 1350 1254 1407 et
1275 1336 1630 1409 incautius
1656 1322 1994 1409 finiantur
2018 1344 2051 1384 ²
2074 1391 2090 1405 .
2128 1332 2269 1407 Sed

121 1472 376 1529 contra
431 1456 596 1527 istic
634 1452 1108 1527 laborandum
1155 1448 1190 1553 [
1209 1444 1342 1552 ut]
1383 1480 1472 1527 ne
1525 1454 1701 1553 quid
1748 1455 2267 1528 inconcinnum

119 1573 236 1646 uel
268 1574 594 1648 hiulcum
613 1572 1100 1675 relinquatur3
1161 1575 1333 1673 quin
1371 1575 1612 1647 omnia
1657 1587 1735 1647 ut
1766 1574 1843 1645 in
1874 1572 2069 1647 tenui
2107 1598 2269 1645 ues-

121 1709 194 1768 te
218 1696 363 1768 oris
392 1695 673 1768 detexta
711 1710 784 1767 et
815 1694 1224 1768 reuimentis
1248 1687 1286 1743 ¹³
1308 1697 1453 1771 sint
1479 1696 1712 1769 cincta
1734 1750 1749 1765 .
1778 1694 2155 1767 Postremo
2188 1708 2268 1765 ut

115 1818 560 1913 nouissimos
609 1816 689 1889 in
754 1818 1286 1916 epigrammatis
1353 1844 1597 1890 uersus
1651 1815 1913 1889 habere
1974 1803 2268 1913 oportet

123 1935 398 2038 aliquid
427 1936 724 2010 luminis
753 1990 774 2029 ‚
835 1937 1172 2011 sententia
1221 1937 1410 2011 claui
1449 1934 1684 2035 aliqua
1718 1933 1833 2006 uel
1866 1931 2080 2006 fibula
2118 1944 2267 2002 ter-

117 2056 454 2133 minanda
487 2072 596 2130 est
619 2112 638 2128 .
694 2056 781 2129 In
833 2058 1088 2157 primis
1123 2072 1364 2131 autem
1405 2056 1743 2132 sectanda
1772 2069 1877 2129 est
1897 2054 2209 2129 suauitas
2247 2104 2268 2121 .

119 2177 454 2275 Namque
488 2174 633 2249 hoc
671 2201 884 2273 genus
929 2177 1276 2251 orationis
1310 2206 1452 2253 non
1497 2177 1754 2275 capitis
1786 2168 2267 2263 defendendi,

117 2324 256 2371 nec
292 2295 686 2371 suadendae
731 2297 904 2395 legis
930 2354 952 2393 .,
1010 2324 1138 2371 nec
1187 2300 1542 2372 exercitus
1594 2293 2025 2399 adhortandi
2054 2278 2089 2385 ,¹
2131 2314 2269 2363 nec

115 2417 670 2491 inflammandae
742 2421 1098 2493 contionis
1175 2422 1514 2495 scribitur
1542 2476 1564 2514 .,
1639 2418 1765 2493 sed
1824 2415 2258 2491 facetiarum

115 2550 192 2611 et
214 2537 608 2638 uoluptatis
635 2551 666 2588 ⁰
693 2593 713 2610 .
769 2539 1056 2640 Ubique
1081 2566 1252 2615 uero
1277 2555 1358 2614 ut
1387 2541 1474 2613 de
1503 2568 1578 2614 re
1601 2537 1843 2639 ampla
1872 2554 1946 2611 et
1976 2533 2262 2632 magni-

116 2661 253 2732 fica
291 2658 737 2759 loq‘uendum
763 2716 786 2754 ,
843 2688 1242 2763 paruaeque
1273 2690 1384 2737 res
1420 2664 1692 2761 magnis
1726 2654 2262 2735 adsimulandae

123 2778 792 2878 comparandaeque
820 2835 836 2850 .
889 2783 1186 2855 Summa
1219 2783 1521 2884 denique
1554 2783 1626 2853 in
1649 2780 1796 2854 hoc
1826 2802 2073 2877 genere
2104 2799 2269 2859 ora-,-

120 2898 341 2973 tionis
389 2899 616 2973 uirtus
645 2912 756 2972 est
788 2898 1232 2977 adseueratio
1255 2896 1296 2952 d
1325 2958 1342 2976 .
1397 2901 1709 2977 Fabulae
1740 2900 1959 2973 deum
1990 2895 2107 2969 uel
2136 2895 2265 2969 he-

187 3130 224 3162 α
264 3112 340 3161 Ita
363 3070 586 3166 cod-Sic
625 3116 676 3164 in
713 3110 991 3185 fragmenti·
1013 3122 1240 3170 orationis
1267 3122 1367 3172 Cic.
1392 3136 1484 3183 pro
1503 3116 1665 3169 Tullio
1683 3132 1793 3181 cep-
1816 3128 1879 3167 vt
1911 3108 2256 3177 relinquisset.

120 3184 153 3238 ὅ
187 3184 530 3236 Rem'menmm
560 3198 632 3237 eet
654 3182 844 3237 fimbria
867 3222 879 3233 .
905 3190 1125 3259 Namque
1140 3192 1190 3242 in
1228 3190 1456 3261 glomn'o
1472 3188 1726 3240 Philoxeni
1745 3186 2069 3261 reulmemm
2095 3182 2257 3247 0195·

117 3278 266 3316 entur
305 3254 696 3343 παραπροφί
726 3302 741 3317 .
791 3266 1004 3320 Tumin
1035 3269 1202 3341 cyrilli
1249 3272 1406 3324 lexico
1439 3254 1851 3348 παραυ-γρίφου
1908 3262 2127 3315 redditur
2164 3278 2258 3311 re-

119 3340 230 3394 ὄῖο.
267 3344 490 3415 Intellige
529 3359 690 3400 nutem
721 3341 884 3399 renio,
919 3344 1197 3414 ibidemque
1233 3360 1323 3412 pro
1355 3348 1680 3399 redimemus
1708 3346 1865 3398 scribe
1892 3346 2217 3394 reuimenmm
2236 3380 2253 3395 .

113 3430 148 3463 c
183 3416 258 3467 Ita
309 3413 418 3467 cod.
453 3417 626 3465 omisso
664 3414 904 3465 uocabulo
957 3432 1113 3465 cama
1135 3454 1150 3475 ‚
1188 3430 1242 3465 ut
1285 3414 1422 3467 haud
1474 3420 1619 3471 semel
1676 3414 1815 3484 apud
1865 3415 1985 3467 alios
2032 3430 2217 3465 uetere·
2237 3447 2253 3463 .

114 3484 156 3533 d
189 3488 372 3551 Nempe
415 3488 678 3538 uenerit-tio
713 3486 932 3536 simulat·
966 3488 1146 3553 epecieo
1165 3523 1180 3547 ,
1225 3502 1282 3537 ut
1318 3490 1600 3542 obseruauit
1642 3486 1782 3556 apud
1824 3487 2051 3537 Tacitum
2091 3482 2255 3536 annal.

117 3554 245 3607 1111.
285 3570 364 3621 19.
412 3557 476 3608 cl.
519 3556 898 3609 Rich-tndem.

208 3756 231 3790 τ
283 3736 706 3794 Sententiarum
806 3737 1149 3797 densitatem
1229 3740 1372 3798 bant
1404 3764 1422 3808 3
1453 3740 1793 3799 dium-bant
1810 3738 1887 3797 cle
1920 3739 2257 3805 industria,

119 3816 295 3875 etiam
328 3819 386 3874 in
419 3818 665 3877 ludicris
682 3820 1058 3879 frontonianis
1079 3822 1150 3879 de
1232 3824 1438 3901 siquid
1489 3826 1789 3903 placidius
1831 3822 2107 3899 ffstuxit:
2144 3839 2261 3877 no-

118 3919 312 3957 amore
363 3901 564 3959 laudat
614 3904 710 3958 .M.
766 3904 1035 3963 Aurelius
1067 3904 1142 3963 ad
1223 3909 1357 3964 lunt
1406 3914 1532 3966 sine
1579 3906 1812 3965 salebra
1842 3924 1973 3964 csse
2023 3908 2261 3961 inne-ru·-

116 3986 218 4042 .Μ.
253 3986 416 4041 Caes.
454 3986 498 4041 Ι.
545 4006 632 4041 ιο.
670 4004 728 4059 p.
769 4006 864 4043 22·
1223 4010 1387 4055 rann
1431 3994 1662 4048 uir-ilem
1691 3998 1902 4067 putant
1928 3989 2214 4063 etsortem
2233 4023 2256 4052 ,

205 4085 236 4121 2
285 4066 496 4123 Seneca
519 4086 608 4143 ep.
656 4087 838 4123 cnm
865 4066 936 4123 de
969 4068 1146 4128 uariis
1228 4090 1380 4151 quae
1424 4096 1622 4133 aurem
1662 4064 2085 4152 indequalilate
2107 4088 2257 4147 Per·

123 4147 607 4223 compositionum
636 4149 974 4225 generibus:
1012 4158 1150 4229 qui·
1231 4159 1456 4211 cutiae.
2216 4160 2223 4169 “

117 4230 260 4287 dam
269 4252 532 4309 asperam
544 4238 1002 4309 compositionem
1013 4256 1154 4313 pro·
