3384 5134
1061 438 1210 515 232
1685 452 1803 513 nn
1890 448 2593 525 sueones-ris·

1271 614 1296 633 .
1329 611 1351 630 .
1383 612 1402 630 .
1437 554 1783 633 mutilum
1812 560 2150 660 perficere
2177 615 2198 657 ,
2222 557 2551 635 hiulcum
2584 556 2785 634 fartis
2816 556 3061 659 ingere
3090 616 3109 632 .
3152 618 3175 633 .
3216 617 3241 635 .

1276 676 1707 753 consiliario
1760 676 1930 751 huic
1964 678 2191 777 magis
2242 677 2456 751 aetati
2492 704 2681 778 opus
2708 691 2820 751 est
2856 704 3085 778 quam
3106 706 3241 755 au-

1061 796 1347 880 xiliario
1375 813 1488 869 ⁸...
1509 796 1767 870 Nonne
1794 796 2032 870 omnis
2060 809 2435 872 oratorum
2474 796 2739 897 copias,
2766 811 3131 871 sect-mere
3168 793 3242 891 ὓς

1067 920 1424 999 refutandi
1479 916 1874 994 sollertiam
1908 971 1931 1011 .,
1992 917 2295 1015 augendi
2336 916 2774 991 facultatem
2809 972 2834 1012 .,
2894 917 3246 992 eludendi

1065 1042 1484 1119 uenustaten
1518 1094 1545 1133 ‚
1599 1036 2079 1140 pel-mouendi
2139 1036 2690 1137 delectandique
2742 1090 2765 1132 ,
2824 1035 3243 1111 deterrendi

1063 1160 1560 1261 incitandique
1596 1216 1619 1254 ‚
1659 1158 1965 1231 ornandi
1999 1214 2021 1249 ,
2057 1158 2493 1235 conciliandi
2520 1214 2543 1254 .,
2573 1157 2971 1233 infamandi
2994 1172 3029 1209 ⁰
3056 1214 3083 1254 ‚
3128 1158 3242 1233 la-

1065 1280 1290 1357 xandi
1351 1278 1799 1355 audientium
1840 1279 2120 1354 animos
2176 1335 2201 1375 .‚
2268 1294 2391 1353 aut
2442 1276 2805 1352 alliciendi
2866 1333 2891 1372 ‚
2958 1293 3239 1352 rectam

1066 1401 1430 1505 quandam
1457 1402 1534 1474 in
1555 1398 1871 1473 dicendo
1910 1402 2317 1501 potentiam
2356 1426 2443 1485 ac
2477 1412 2909 1501 potestatem
2944 1392 2986 1472 ?
3039 1400 3239 1472 Tum

1065 1524 1130 1598 si
1161 1520 1450 1625 quando
1504 1520 1644 1594 tibi
1674 1522 1977 1617 negotiis
2034 1520 2369 1596 districto
2401 1520 2771 1625 perpetuis
2798 1575 2823 1614 ‚
2882 1520 3237 1594 orationis

1063 1640 1634 1719 conscribundae
1659 1652 1951 1741 tempus
1984 1640 2255 1715 deesset
2279 1698 2301 1738 ‚
2346 1667 2583 1715 nonne
2614 1654 2681 1715 te
2708 1639 3177 1715 tumultuaris
3196 1632 3237 1687 ‘¹

1063 1762 1502 1865 quibusdam
1531 1775 1606 1834 et
1643 1762 2017 1862 lucratiuis
2049 1762 2461 1838 studiorum
2489 1762 2789 1839 ‘solaciis
2824 1762 3177 1837 fulciebas
3204 1816 3229 1855 ‚

1068 1884 1496 1987 synonymis
1545 1884 1968 1983 colligendis
1996 1942 2019 1982 .,
2068 1886 2308 1961 uerbis
2348 1886 2713 1961 interdum
2760 1883 3236 1985 singularibus

1069 2007 1514 2111 requirendis
1543 2001 1585 2082 ’.Ρ
1646 2022 1731 2081 ut
1765 2023 2094 2081 ueterum
2126 2006 2497 2083 kommata
2532 2022 2617 2081 ut
2654 2007 2818 2082 cola
2856 2021 2889 2055 θ
2926 2006 3235 2106 synoni-

1067 2154 1366 2205 morum
1406 2128 1684 2202 ratione
1722 2142 2215 2223 conuerteres3
2259 2144 2342 2203 ut
2376 2128 2467 2203 de
2500 2128 2915 2229 uulgaribus
2944 2126 3233 2225 elegan-

1069 2250 1170 2325 tia
1197 2306 1222 2343 ,
1281 2248 1370 2321 de
1409 2250 1921 2324 contaminatis
1974 2274 2159 2326 noua
2212 2250 2543 2325 redderes
2599 2306 2623 2347 ,
2683 2250 3073 2348 imaginem
3104 2246 3233 2319 ali-

1059 2392 1295 2469 ·quam
1329 2367 1929 2441 accommodares
1952 2422 1976 2461 .,
2006 2370 2307 2466 figuram
2341 2369 2681 2461 iuicms,
2720 2368 2969 2470 prisco
3006 2365 3229 2437 uerbo

1073 2490 1462 2563 adornares
1521 2543 1544 2583 ‚
1627 2486 1953 2563 colorem
2010 2489 2467 2565 uetusculum
2544 2490 2963 2593 adpingeres
3042 2488 3235 2560 Haec

1049 2609 1134 2683 'si
1159 2625 1548 2709 propterea
1589 2610 1997 2684 contemnis
2030 2665 2051 2700 ‚
2076 2612 2241 2710 quia
2286 2611 2651 2707 didicisti,
2680 2610 3229 2713 philosophiam

1073 2756 1366 2831 qnoque
1386 2730 1732 2805 discendo
1762 2746 2177 2806 contemnes
2196 2789 2214 2804 .
2242 2734 2381 2807 Sed
2408 2760 2555 2807 non
2580 2762 2663 2807 ea
2698 2748 2863 2807 sunt
2884 2733 3021 2805 ista
3048 2758 3227 2831 quae

1071 2850 1316 2949 possis
1353 2867 1855 2925 contemnere:
1912 2852 2149 2953 possis
2190 2879 2355 2927 sane
2384 2880 2531 2927 non
2560 2881 2802 2929 amare
2829 2910 2847 2925 .
2904 2852 3013 2925 Ut
3050 2850 3229 2924 olim

1069 2967 1362 3043 Crassus
1397 2972 1618 3045 tristis
1645 2974 1884 3045 'risum
1922 2969 2176 3045 oderat
2201 2984 2221 3019 ¹
2260 3004 2283 3065 ς
2323 2988 2403 3045 ut
2442 2990 2685 3047 nostra
2718 2974 2839 3046 hic
2872 2969 3229 3045 memoria

1009 3154 1016 3161 .
1074 3086 1373 3165 Crassus
1406 3090 1699 3167 2lucem
1734 3093 2067 3191 fugitauit
2106 3088 2199 3191 *3
2245 3108 2327 3167 ut
2359 3110 2605 3169 nostra
2638 3096 2885 3168 itidem
2937 3118 3227 3167 memo-

1253 3324 1285 3353 *
1333 3324 1432 3389 M.
1491 3325 1764 3391 Crassus
1837 3322 2033 3388 tristis
2098 3324 2309 3387 risum
2382 3320 2667 3392 oderat:
2716 3320 2888 3385 alter
2950 3320 3221 3387 Crassus

1070 3413 1293 3480 minor
1327 3411 1548 3479 lucem
1583 3413 1911 3503 fugitauat
1934 3414 1963 3471 s
1983 3462 2005 3497 ,
2070 3410 2415 3503 multaque
2460 3410 2603 3478 loca
2654 3408 2877 3479 clausa
2912 3409 3223 3477 lecticula

1069 3506 1707 3597 praeter-uehebatur
1728 3528 1766 3585 g
1794 3556 1809 3572 .

1137 3741 1176 3773 a
1209 3719 1340 3771 Haec
1375 3736 1469 3769 una
1520 3721 1751 3769 sententia
1770 3754 1785 3775 ‚
1818 3734 1868 3770 et
1900 3718 1983 3769 illa
2024 3718 2187 3770 hiulca
2224 3718 2553 3785 pneoedenti·
2604 3720 2753 3770 uerba
2788 3718 3018 3787 leguntur
3051 3718 3099 3767 in
3126 3738 3221 3771 an-

1071 3792 1166 3845 tica
1217 3794 1427 3861 pagina;
1485 3793 1667 3857 postica
1713 3806 1871 3841 tamen
1907 3792 2127 3840 uniuersa
2171 3791 2345 3861 legitur
2370 3824 2385 3839 .
2454 3790 2484 3840 b
2519 3792 2595 3841 Ita
2645 3790 2753 3841 eod.
2811 3808 2902 3856 pro
2940 3790 3181 3839 ser-cahom
3202 3833 3214 3843 .

1065 3862 1198 3915 Num
1235 3860 1496 3913 dicendum
1534 3860 1785 3911 sectabere
1811 3866 1832 3907 9
1872 3864 1925 3909 N.
1996 3878 2025 3911 c
2062 3866 2201 3913 Corr.
2236 3862 2598 3932 Lflammandc’
2620 3862 2675 3911 N.
2750 3860 2789 3909 d
2824 3862 2896 3911 lu
2936 3862 3047 3910 cod.
3080 3862 3101 3909 ἱ
3134 3882 3219 3929 pro

1066 3932 1108 3983 ἷὶ
1129 3974 1141 3987 .
1211 3954 1238 3983 e
1273 3932 1394 3985 cod.
1452 3932 1619 3983 (οἱα-τ.
1657 3936 1736 3983 Sic
1774 3932 1823 3981 in
1867 3934 1989 3983 iuris
2024 3930 2301 4000 fragmentis
2346 3936 2576 3983 unucanis
2624 3932 2775 3982 aedes
2810 3950 2959 3981 sacra
3000 3950 3091 3999 pro
3122 3952 3217 3983 ae-
3324 3990 3326 3995 .

1062 4003 1128 4055 de
1163 4024 1347 4060 sacra.
1406 3997 1452 4075 f
1473 4005 1548 4054 Ita
1583 4003 1693 4052 cod.
1764 4021 1803 4072 g
1840 4004 1956 4055 Pars
2012 3998 2476 4055 haino-sententiae
2507 4004 2641 4055 deest
2682 4006 2731 4054 in
2778 4018 3047 4055 contextu.

1152 4126 1172 4161 x
1225 4104 1378 4163 Plin.
1431 4104 1566 4162 Vll.
1617 4124 1706 4179 ¹9·
2158 4106 2479 4164 'occider-e.
2527 4106 2815 4182 Spartian.
2856 4124 2982 4184 cap.
3008 4106 3215 4163 v.1.e-

1144 4206 1177 4245 2
1223 4190 1370 4247 Puta
1431 4190 1697 4245 Crassum
1734 4184 1901 4245 illum
1944 4188 2101 4243 Ῥω-
2182 4208 2256 4269 ge
2290 4200 2347 4249 et
2386 4188 2632 4249 Dionem
2664 4208 2885 4249 vaun.
2944 4190 3001 4249 3.
3049 4192 3135 4248 16-

1059 4266 1152 4349 gi,
1173 4289 1344 4349 quem
1369 4288 1534 4332 reum
1565 4270 1895 4335 Hadrianus
1914 4268 2100 4329 noluit
