3384 5134
2170 487 2363 550 vnit

938 575 1648 644 PRAEFATIO

329 1079 380 1137 1.
423 1013 860 1142 Faonons
910 1095 984 1134 n
1007 1071 1126 1132 ’.ιι
1167 1093 1414 1138 unm
1451 1079 1668 1158 scripta
1702 1078 1997 1157 incognita
2038 1077 2355 1158 partimin

205 1173 583 1232 membranis
627 1173 862 1252 pridem
911 1171 1436 1235 mediolanensibus
1471 1189 1866 1256 apparuerunt
1888 1219 1907 1248 ,
1944 1175 2159 1255 partim
2192 1195 2351 1234 nunc

208 1292 246 1330 e
289 1271 566 1332 romanis
611 1271 940 1350 prodeunt:
997 1295 1144 1352 quae
1209 1290 1402 1336 tamen
1466 1277 1745 1356 reliquiae
1797 1278 1873 1336 ad
1932 1276 2103 1336 unius
2156 1275 2349 1355 operis

197 1368 666 1448 palimpsestnm
685 1412 704 1440 ,
754 1371 856 1446 qui
891 1370 1060 1429 Bobii
1114 1371 1256 1430 olim
1293 1371 1526 1442 extitit,
1565 1385 1803 1432 cunctae
1846 1374 2178 1452 pertinent.
2218 1373 2351 1432 Sci—-

209 1461 352 1522 lieet
417 1463 694 1523 editione
741 1486 871 1525 mea
919 1466 1340 1526 mediolanensi
1408 1469 1765 1546 patefactum
1834 1480 1919 1526 est
1950 1509 1969 1536 ,
2020 1468 2233 1528 servari
2286 1467 2349 1524 in

208 1563 594 1622 ambrosiana
654 1560 1016 1626 bibliotheca
1065 1565 1315 1625 latinum
1380 1567 1642 1627 codicem
1705 1581 2109 1647 pervetustum
2178 1579 2355 1644 atque

207 1662 600 1741 peramplum
644 1662 876 1722 concilii
924 1662 1100 1741 primi
1154 1663 1630 1722 chalcedonensis
1666 1706 1686 1733 ‚
1756 1662 1919 1724 cuius
1957 1661 2101 1721 folia
2146 1647 2353 1741 plera÷

209 1781 326 1839 que
381 1759 590 1818 omnia
639 1763 924 1839 rescripta
977 1775 1160 1820 sunt.
1203 1765 1328 1820 Iam
1368 1765 1430 1821 in
1482 1784 1550 1822 eo
1615 1762 1997 1840 palimpsesto
2054 1781 2183 1820 cum
2236 1761 2352 1818 alia

205 1871 486 1917 veterum
535 1871 844 1918 auctorum
891 1859 1216 1938 fragmenta
1261 1859 1522 1928 inerant,
1585 1859 1660 1917 de
1714 1859 1925 1936 quibus
1976 1857 2115 1916 alibi
2172 1855 2351 1916 verba

208 1951 324 2011 feci
359 1995 382 2024 ,
434 1965 566 2014 tum
631 1975 772 2034 pars
838 1953 1111 2014 foliorum
1194 1955 1380 2013 multo
1433 1953 1635 2038 ‘maior
1700 1953 1979 2032 epistulas
2041 1952 2351 2010 Frontonis

213 2047 521 2127 triumque
575 2056 886 2112 Caesarum
934 2053 996 2110 in
1049 2051 1328 2111 deletitiis
1395 2050 1745 2110 membranis
1796 2049 2055 2119 habuit3
2124 2049 2206 2107 ita
2254 2062 2347 2108 ta·-

211 2165 358 2204 men
380 2187 402 2214 ,
453 2160 524 2205 ut
567 2146 868 2207 invenusto
924 2171 1084 2208 more
1133 2147 1646 2226 palimpsestorum
1698 2144 2023 2224 complures
2069 2145 2347 2206 soliorum

209 2239 496 2302 fasciculi
543 2245 780 2321 periisse
831 2247 1179 2306 viderentur
1213 2289 1226 2302 .
1295 2247 1467 2304 Nunc
1517 2264 1650 2303 ecce
1715 2244 1775 2302 in
1827 2245 2031 2304 codice
2080 2243 2347 2302 vaticano

213 2357 364 2415 pars
437 2339 712 2399 notabilis
763 2341 1020 2400 eiusdem
1075 2341 1308 2402 concilii
1377 2353 1498 2412 est,
1566 2359 1737 2418 quam
1792 2340 2185 2400 ambrosianus
2242 2360 2347 2397 co·-

215 2435 334 2492 dex
387 2435 724 2495 desiderat:
777 2451 900 2498 tum
933 2441 997 2498 in
1033 2436 1244 2496 iisdem
1285 2437 1638 2496 membranis
1671 2435 1858 2495 latent
1908 2436 2117 2496 obruta
2156 2437 2348 2495 Fronss

207 2531 368 2588 tonis
405 2543 468 2588 et
513 2535 614 2590 0M·
641 2535 866 2593 Aurelii
899 2535 1198 2615 praeclara
1235 2547 1292 2591 et
1325 2553 1536 2612 magna
1587 2534 1941 2607 incrementa
1980 2577 1999 2604 ,
2032 2553 2180 2612 quae
2214 2551 2345 2592 cum

207 2627 756 2692 mediolanensibus
805 2633 979 2691 editis
1030 2632 1363 2690 coalescunt
1396 2674 1410 2689 .
1463 2631 1654 2692 Porro
1700 2629 1793 2690 his
1846 2630 2147 2692 codicibus
2191 2632 2345 2688 inter

207 2745 272 2784 se
317 2719 648 2802 diligenter
699 2731 945 2790 conlatis
976 2773 996 2802 ,
1045 2729 1371 2790 meridiana
1419 2730 1552 2790 luce
1615 2731 1827 2791 clarius
1876 2729 1979 2802 fit,
2032 2731 2343 2790 concilium

207 2817 372 2876 illud
425 2819 492 2877 in
525 2823 646 2884 duo
679 2827 884 2884 saltem
919 2825 1212 2886 volumina
1254 2839 1498 2906 propter
1525 2826 1975 2904 amplitudinem
2017 2827 2193 2886 fuisse
2230 2815 2346 2885 tri-

207 2929 428 2986 butum
450 2951 467 2983 =
509 2945 804 3004 quumque
837 2925 1146 2986 bobienses
1183 2923 1450 2983 monachi
1491 2938 1705 3004 rogatu
1748 2925 1972 3003 aliquot
2012 2925 2347 3004 principum

201 3017 642 3082 bibliothecam
693 3022 1086 3082 distraherent
1105 3064 1126 3091 ,
1168 3016 1334 3099 prius
1385 3021 1622 3098 quidem
1665 3021 1939 3081 volumen
2004 3023 2253 3082 Romam
2284 3033 2345 3080 et

205 3117 286 3175 ad
321 3117 633 3178 vaticanos
684 3119 914 3177 codices
950 3118 1290 3186 accessisse,
1347 3117 1596 3175 alterum
1647 3117 1966 3175 Mediolani
1998 3117 2062 3175 in
2112 3117 2347 3177 ambr-0⁴

203 3213 388 3273 sianis
439 3215 660 3292 pluteis
711 3215 900 3274 fuisse
963 3216 1328 3276 conlocatum
1367 3223 1460 3286 (ι)
1500 3257 1514 3270 .
1559 3216 1731 3272 'l'unc
1778 3215 2105 3273 necessaria
2154 3215 2343 3275 ratio-

205 3330 284 3370 ne
323 3311 583 3390 contigit
612 3355 634 3384 ,
680 3327 746 3372 ut
797 3317 1020 3372 Fronto
1079 3335 1308 3392 quoque
1371 3314 1432 3371 in
1481 3313 1715 3374 diversa
1761 3312 2077 3372 distractus
2127 3315 2343 3388 iverit,

207 3431 390 3489 quem
439 3411 558 3472 hac
605 3433 844 3472 romana
889 3413 1148 3473 editione
1179 3411 1556 3472 reconciliare
1600 3413 1832 3469 demum
1883 3408 2025 3468 licet
2047 3455 2063 3467 .
2118 3411 2341 3472 Verum

207 3523 276 3568 ut
321 3513 618 3570 hactenus
668 3511 846 3569 dictis
898 3511 1077 3570 fidem
1129 3511 1426 3570 adstruam
1447 3554 1466 3580 ‚
1515 3529 1749 3586 remque
1792 3509 2058 3588 apprime
2099 3501 2349 3568 lectori-‘

209 3603 318 3666 bns
351 3609 644 3688 probem,
691 3623 999 3692 utrumque
1025 3613 1294 3672 codicem
1317 3611 1504 3690 paulo
1541 3611 1873 3671 accuratius
1904 3632 2200 3694 exponere
2222 3633 2342 3672 non

209 3721 302 3764 me
331 3705 518 3784 *piget
552 3747 569 3760 .
2198 3721 2203 3728 ’

365 3803 448 3861 11.
495 3805 572 3860 Et
619 3805 890 3882 qnoniam
954 3803 1182 3884 priores
1249 3798 1480 3866 concilii
1545 3815 1741 3886 partes
1810 3805 1989 3865 codex
2038 3809 2337 3868 vaticanus

215 3897 474 3956 continet
508 3940 527 3969 ,
582 3899 662 3960 ab
711 3902 824 3962 hoc
867 3903 1213 3982 explicando
1281 3904 1548 3963 exordiar
1581 3944 1596 3957 .
1651 3903 1853 3962 Codex
1919 3913 2003 3958 est
2044 3903 2351 3961 membra-‘

207 4009 390 4067 neus,
442 3995 630 4076 ampli
680 4000 960 4072 moduli,
1015 4002 1342 4082 scripturae
1396 4023 1520 4061 eam
1569 4001 1815 4062 sormam
1864 3997 2087 4059 habens
2118 4043 2138 4072 ,
2189 4021 2337 4080 quae

285 4185 386 4262 (ί)
415 4191 638 4260 (ΞΟ-ἴα,
681 4197 723 4252 οἱ
758 4211 939 4262 vacet,
973 4219 1103 4274 que
1131 4201 1302 4276 scripsi
1329 4202 1400 4257 sd
1439 4203 1542 4258 Cic.
1585 4201 1648 4256 de
1680 4221 1741 4255 re
1780 4217 1831 4272 p.
1867 4197 2023 4274 praef.
2056 4216 2164 4272 cap.
2209 4213 2331 4255 vm.

2476 1087 2667 1174 Codicis
2706 1087 2847 1142 fron-

2474 1177 2659 1212 tonis-s
2686 1177 2847 1230 patoes

2474 1232 2601 1284 duae
2618 1269 2631 1282 .

2460 3800 2629 3855 Codex
2642 3803 2836 3857 concilii

2466 3873 2619 3926 chalc.
2644 3878 2697 3926 in
2735 3875 2837 3927 duo

2465 3947 2721 3998 volumina
2743 3947 2835 4000 din*

2461 4017 2678 4070 αὒικιιι
2702 4053 2720 4069 .
2812 4039 2855 4068 ,κ
