3384 5134
1083 426 1172 504 18
1677 448 1796 498 An
1879 451 1995 497 οΜ·
2084 449 2623 502 οΑεεΑιιΕΜ

1071 557 1227 619 tent
1253 601 1276 642 ‚
1323 544 1468 646 ipsi
1500 541 1951 644 possessione
1993 543 2147 616 iure
2187 548 2541 642 sanguinis
2589 549 2915 625 fruantur
2945 609 2964 624 .
3006 555 3231 630 Causa

1071 672 1383 771 denique
1434 669 1757 742 Romam
1790 668 2046 741 emissa
2072 723 2096 760 .,
2140 668 2321 768 quid
2359 673 2635 746 eueniet
2658 666 2701 746 ?
2730 673 3021 752 heredes
3054 679 3231 750 scri-

1072 795 1186 897 pti
1224 789 1701 892 nauigabunt‚
1724 787 2134 862 exheredati
2158 803 2401 862 autem
2432 792 2505 872 in
2527 793 2979 892 possessione
3000 823 3231 870 rema..

1071 914 1347 988 nebunt
1373 968 1395 1007 ‚
1438 910 1636 983 diem
1663 907 1752 981 de
1793 909 1909 982 die
1946 907 2219 982 ducent
2245 965 2265 1004 .‚
2296 909 2677 988 dilationes
2700 931 3065 1016 petenteS,
3108 919 3227 991 fo·-

1071 1063 1150 1111 ra
1176 1034 1392 1108 uariis
1415 1027 2003 1104 excusationibus
2028 1027 2307 1102 trahent
2326 1085 2344 1100 .
2376 1031 2677 1131 Hiemps
2708 1049 2739 1083 ⁸
2778 1051 2885 1110 est
2910 1091 2931 1130 ‚
2960 1051 3033 1112 et
3066 1061 3229 1110 cru-

1071 1155 1255 1230 dum
1302 1177 1498 1226 mare
1549 1149 1935 1223 hibernum
1984 1161 2143 1240 est3
2198 1145 2439 1222 adesse
2510 1175 2655 1222 non
2712 1156 3009 1252 potuit.
3077 1155 3229 1229 Ubi

1073 1275 1357 1374 hiemps
1413 1269 1857 1373 praeterierit
1882 1325 1905 1364 .,
1952 1293 2207 1342 uernae
2266 1281 2727 1369 tempestates
2788 1275 3103 1348 incertae
3157 1291 3229 1348 et

1073 1397 1332 1472 dubiae
1365 1412 1686 1472 moratae
1724 1409 1893 1470 sunt
1919 1449 1939 1465 .
1975 1395 2127 1467 Uer
2164 1409 2502 1467 exactum
2526 1412 2635 1470 est
2665 1391 2707 1472 ’.Ρ
2732 1415 2954 1476 aestas
2980 1417 3089 1476 est
3116 1427 3231 1475 ca-

1073 1520 1221 1598 lida
1252 1578 1274 1615 ‚
1327 1535 1403 1593 et
1445 1516 1559 1592 sol
1601 1519 2013 1617 nauigantes
2050 1517 2197 1589 urit
2222 1571 2245 1610 .,
2310 1532 2383 1591 et
2414 1518 2643 1595 homo
2684 1541 2975 1598 nauseat
3013 1581 3031 1596 .
3070 1529 3228 1598 Au-

1077 1655 1371 1720 tumnus
1437 1639 1761 1741 sequitur
1788 1632 1829 1714 'el
1876 1663 2099 1738 poma
2158 1637 2644 1737 culpabuntur
2666 1651 2685 1684 ¹
2719 1697 2742 1736 ‚
2802 1658 2873 1716 et
2934 1641 3233 1740 languor

1069 1762 1538 1836 excusabitur
1579 1816 1598 1832 .
1653 1761 1887 1858 Fingo
1938 1758 2116 1831 haec
2172 1770 2246 1832 et
2292 1761 2881 1856 comminiscor,
2947 1765 3115 1863 quia
3158 1763 3232 1836 in

1074 1888 1214 1960 hac
1247 1909 1459 1956 causa
1497 1907 1737 1954 nonne
1771 1881 1919 1953 hoc
1950 1881 2199 1980 ipsum
2250 1873 2557 1954 euenit?
2613 1884 2765 1957 Ubi
2810 1901 2919 1960 est
2972 1885 3230 1962 aduer-

1077 2007 1304 2080 sarius
1335 2060 1357 2099 .‚
1409 2003 1540 2104 qui
1587 2000 2027 2102 iampridem
2086 1999 2179 2074 ad
2222 1999 2571 2098 agendam
2636 2028 2929 2077 causam
2994 2004 3231 2080 adesse

1077 2124 1422 2198 debuerat
1445 2116 1487 2198 ’.Ρ
1539 2125 1625 2197 In
1663 2123 1911 2196 itinere
1969 2137 2079 2196 est
2106 2178 2125 2194 .
2180 2122 2349 2212 Quo
2392 2120 2681 2196 tandem
2721 2126 2798 2194 in
2821 2118 3235 2201 itinere?ex

1075 2245 1250 2319 Asia
1291 2243 1532 2337 uenit3
1567 2257 1643 2316 et
1668 2259 1777 2316 est
1806 2242 2047 2316 adhuc
2080 2244 2152 2315 in
2190 2241 2365 2316 Asia
2394 2297 2413 2312 .
2468 2244 2807 2342 Magnum
2842 2245 2977 2318 iter
3006 2261 3079 2318 et
3126 2245 3230 2318 fe-

1079 2367 1428 2440 stinatum
1459 2421 1477 2436 .
1517 2365 1839 2438 Nauibus
1873 2389 1959 2436 ne
2003 2389 2097 2436 an
2137 2363 2342 2463 equis
2374 2389 2465 2434 an
2510 2362 3035 2464 diplomatibus
3066 2379 3100 2416 ²
3136 2368 3235 2440 fa-

1081 2485 1186 2556 cit
1221 2485 1396 2558 haec
1437 2499 1586 2556 tam
1625 2480 1905 2556 uelocia
1940 2481 2205 2556 statiba
2236 2475 2273 2530 ¹³
2297 2474 2340 2556 ἲ
2384 2481 2575 2554 Cum
2628 2484 2919 2557 interim
2975 2487 3229 2584 cogni-

1081 2607 1272 2679 tione
1305 2602 1686 2705 proposita
1713 2661 1733 2700 .‚
1792 2602 2014 2678 semel
2048 2631 2089 2676 a
2122 2617 2231 2698 te,
2267 2603 2527 2676 Caesar
2550 2659 2571 2697 ‚
2615 2605 2838 2704 petita
2866 2605 3123 2680 dilatio
3165 2622 3235 2680 et

1071 2727 1495 2825 impetrata.
1549 2725 1938 2824 Proposita
1986 2725 2396 2823 cognitione
2441 2751 2727 2797 rursum
2762 2781 2783 2820 ‚
2833 2753 2873 2798 a
2910 2741 2977 2799 te
3007 2727 3233 2798 duum

1073 2848 1436 2920 mensium
1470 2847 1743 2947 petitur
1774 2846 2027 2921 dilatio
2054 2839 2091 2898 3
2126 2903 2143 2918 .
2174 2847 2340 2921 Duo
2376 2873 2655 2920 menses
2679 2847 2915 2920 exacti
2944 2861 3113 2920 sunt
3136 2861 3165 2895 ⁶
3194 2839 3233 2922 ’ἶ

1073 2969 1316 3043 idibus
1371 2970 1733 3070 proximis
1766 3026 1786 3065 .‚
1844 2985 1920 3044 et
1980 2971 2134 3046 dies
2190 2969 2414 3042 medii
2470 2969 2587 3042 isti
2628 2968 2909 3069 aliquot
2940 3027 2957 3041 .
3014 2971 3234 3044 Uenit

1076 3089 1370 3168 tandem
1398 3083 1440 3166 ’.Ρ
1477 3091 1538 3164 si
1587 3091 1923 3166 nondum
1954 3093 2197 3187 uenit,
2234 3091 2489 3166 saltem
2528 3089 3066 3191 adpropinquat
3096 3123 3119 3186 ς
3178 3093 3237 3166 si

1071 3211 1406 3286 nondum
1436 3212 1983 3315 adpropinquat
2006 3271 2029 3312 ‚
2067 3214 2319 3290 saltem
2352 3214 2730 3315 profectus
2754 3239 2845 3288 ex
2870 3214 3040 3286 Asia
3072 3227 3233 3308 este,

1142 3421 1178 3452 a
1220 3391 1298 3454 Itn‘
1325 3403 1556 3452 scribitur
1579 3404 1725 3452 etiam
1754 3404 1888 3471 apud
1906 3405 2176 3454 Gruterum
2194 3415 2432 3458 cxxxv,
2468 3401 2914 3452 contradicentibu·
2940 3401 3054 3450 licet
3082 3401 3237 3450 Scau-

1071 3487 1131 3522 ro
1171 3492 1222 3542 p.
1265 3476 1434 3534 2256,
1464 3487 1514 3520 et
1553 3475 1762 3523 Caecilio
1794 3494 1845 3542 p.
1887 3490 2019 3542 2p92
2063 3475 2203 3542 apud
2238 3471 2556 3524 Fut-chium.
2628 3472 2658 3524 b
2695 3475 2773 3526 Ita
2806 3472 2918 3524 cod.
2956 3487 3051 3540 pro
3086 3473 3237 3522 stati-

1069 3557 1143 3594 ua
1163 3578 1178 3592 .
1249 3563 1280 3594 c
1317 3545 1380 3593 In
1411 3541 1586 3594 »codice
1620 3561 1788 3614 reapse
1820 3549 2183 3617 interpungitur
2204 3558 2317 3613 post
2337 3557 2457 3594 sunt.
2481 3578 2498 3593 .

1161 3731 1183 3766 ι
1235 3711 1452 3789 Neqnis
1487 3714 1751 3771 messium
1798 3729 1855 3773 et
1896 3715 2105 3774 uinde-
2185 3735 2319 3773 usus
2384 3708 2612 3792 publici
2680 3732 2878 3772 cursus
2938 3713 3235 3772 concede-

1067 3792 1318 3852 mim-um
1373 3807 1630 3872 tempore
1676 3811 1982 3873 cogeretur
2024 3798 2103 3855 ad
2184 3799 2391 3856 batur.

1069 3875 1356 3936 iudicium
1398 3880 1634 3950 uenire,
1683 3883 1945 3938 oratione
1982 3880 2106 3938 diui
2276 3883 2311 3940 3
2358 3883 2445 3937 De
2483 3877 2871 3938 dilationibus
2908 3877 3239 3936 iudiciariis

1069 3959 1251 4018 Marci
1291 3976 1520 4019 cautum
1571 3977 1658 4022 est
1691 4007 1706 4022 .
1746 3965 1969 4042 Digest.
2026 3967 2105 4023 ll.
2192 3983 2223 4020 a
2254 3967 2447 4020 Marco
2470 3962 2750 4020 concessis
2774 3961 2981 4038 digest.
3023 3963 3102 4020 11.
3152 3983 3236 4020 ια.

1077 4059 1170 4100 12.
1214 4065 1265 4102 ι.
2194 4069 2260 4126 7,
2284 4059 2335 4102 et
2374 4047 2518 4103 Aur.
2544 4047 2753 4110 Victor
2792 4045 2857 4104 in
2888 4047 3233 4106 Caesfflarc·

1153 4147 1185 4184 2
1224 4121 1873 4205 Diplo'maimelligitur
1892 4129 2112 4207 princi·
2194 4142 2253 4188 et
2290 4131 2431 4192 Ver.

1064 4207 1159 4288 pis
1181 4223 1281 4271 aut
1311 4211 1569 4295 delegati
1615 4213 1925 4277 codicillus
1944 4255 1963 4286 ,
1997 4235 2111 4293 quo
