3384 5134
994 542 1039 593 1.
1070 541 1099 595 1
1128 542 1163 593 n
1190 548 1230 594 ε
1261 548 1305 596 ιι
1376 539 1436 593 v
2171 524 2308 599 133

157 636 471 711 lentibus
510 667 531 737 3
568 650 642 712 et
667 690 692 731 ‚
726 652 809 711 ut
843 644 1258 741 promittis,
1294 640 1726 743 propediem
1753 636 2018 715 uidebo
2049 674 2067 714 e
2094 658 2166 717 et
2187 644 2316 719 be-

154 790 243 835 ne
284 788 503 863 spero
554 764 645 836 de
681 762 869 837 bona
911 763 1121 863 longa
1162 764 1565 839 ualetudine
1592 822 1611 837 .
1654 767 1931 841 Salutat
1976 782 2046 841 te
2089 784 2324 843 mater

158 906 315 955 mea
350 940 369 955 .
426 880 609 957 Uale
661 883 767 956 mi
813 884 1337 960 iucundissime
1389 888 1730 987 magister
1756 942 1776 961 .

688 1154 1011 1203 xxxxii.
1067 1124 1193 1231 57.
1243 1154 1538 1208 nomino
1584 1152 1799 1203 mma

366 1392 740 1443 nummos
792 1368 1065 1442 natales
1112 1366 1266 1443 dies
1287 1368 1599 1443 liberum
1638 1382 1926 1443 tuorum
1963 1371 2330 1472 prosperis

155 1486 301 1559 tuis
346 1486 559 1560 rebus
588 1501 669 1560 ut
703 1485 1019 1561 celebres
1046 1544 1068 1580 ‚
1128 1488 1546 1587 parentibus
1596 1489 1950 1589 probatus
1981 1547 2002 1585 .,
2045 1490 2327 1591 populo

148 1622 531 1709 acceptus,
568 1610 821 1683 amicis
854 1608 1201 1710 probatus
1238 1622 1269 1659 ⁸
1292 1665 1314 1703 ,
1354 1608 1649 1683 fortuna
1679 1622 1752 1681 et
1772 1635 2021 1707 genere
2047 1624 2122 1683 et
2143 1610 2317 1685 loco

150 1740 281 1800 tuo
319 1726 573 1825 dignus
608 1782 633 1821 .,
685 1728 891 1800 omni
933 1727 1083 1800 uita
1129 1752 1292 1803 mea
1329 1727 1712 1803 redemisse
1779 1730 2070 1830 cupiam
2097 1708 2128 1824 ‚⁴
2169 1750 2328 1802 non·

144 1842 287 1919 hac
324 1846 551 1923 modo
586 1846 835 1943 exigua
890 1846 1041 1919 uita
1094 1872 1273 1947 quae
1327 1846 1511 1919 mihi
1565 1860 1898 1946 superest
1932 1903 1957 1941 ,
2015 1846 2144 1920 sed
2193 1845 2319 1920 illa

150 1964 371 2038 etiam
403 1990 625 2069 quam
660 1966 813 2040 uixi
840 2022 863 2061 ,
900 1967 1108 2066 siquo
1146 1966 1376 2041 modo
1402 1960 1441 2019 ¹³
1483 1967 1843 2063 integrum
1893 1967 2114 2065 redigi
2153 2023 2175 2061 ,
2235 1990 2322 2040 ac

146 2110 295 2185 pro
332 2100 403 2159 te
460 2086 741 2187 tuisque
776 2112 861 2161 ac
913 2083 1223 2161 liberum
1271 2104 1562 2161 tuorum
1638 2087 2057 2163 commodis
2119 2089 2322 2161 inso-

151 2200 464 2277 lutumve
488 2202 797 2304 dependi
824 2219 1066 2305 potest
1091 2262 1109 2277 .
1152 2206 1227 2277 Si
1262 2205 1469 2280 facile
1501 2206 1792 2305 ing-redi
1823 2198 2115 2309 possem
2143 2206 2322 2300 ‚hic

147 2338 303 2396 erat
347 2322 499 2399 dies
534 2351 682 2427 quo
724 2348 895 2399 cum
933 2329 1191 2428 primis
1229 2328 1597 2427 conplecti
1630 2344 1698 2403 te
1759 2354 2098 2428 cuperem
2137 2362 2155 2399 ε
2189 2327 2318 2402 sed.

144 2442 701 2521 concedendum
734 2460 846 2521 est
904 2447 1209 2549 pedibus
1258 2446 1537 2523 scilicet
1571 2504 1594 2545 .,
1651 2449 1941 2550 quando
1989 2448 2130 2550 ipsi
2174 2475 2316 2550 pa·-
2406 2484 2412 2491 ·

146 2590 315 2639 rum
364 2566 777 2667 procedunt
806 2622 825 2639 .
878 2568 1035 2667 Ego
1092 2568 1182 2643 de
1209 2594 1559 2670 aquarum
1600 2596 1740 2641 usu
1776 2566 2096 2642 delibero
2135 2578 2200 2639 ¹.
2238 2568 2316 2640 Si

148 2687 417 2761 certius
453 2686 631 2788 quid
668 2700 985 2764 statuero
1022 2742 1045 2783 .,
1090 2689 1351 2763 faciam
1386 2690 1523 2763 tibi
1547 2682 1587 2739 d
1625 2705 1886 2765 notum
1917 2744 1936 2759 .
1984 2688 2166 2767 Uale
2205 2686 2314 2759 mi

138 2807 456 2883 Domine
500 2805 955 2882 dulcissime.
1006 2809 1431 2885 Faustinam
1472 2821 1672 2882 tuam
1723 2808 1904 2886 meis
1951 2806 2232 2893 uerbeis
2271 2816 2306 2855 ⁶

140 2926 425 3030 appella
478 2940 553 3001 et
602 2925 951 3025 gratulare
984 2984 1007 3021 .,
1062 2943 1137 3003 et
1193 2942 1557 3003 matronas
1608 2943 1896 3003 nostras
1934 2955 2102 3001 meo
2155 2952 2303 3000 no-

144 3048 345 3120 mine
386 3043 847 3141 exesculare3
903 3045 1029 3119 sed
1088 3047 1195 3121 uti
1230 3074 1359 3147 ego
1422 3046 1621 3126 soleo
1662 3072 1834 3121 cum
1892 3046 2160 3149 plantis
2210 3044 2305 3123 il-

142 3164 237 3241 lis
288 3179 363 3240 et
420 3164 755 3241 manibus
784 3220 802 3235 .
838 3165 1237 3243 Dominam
1291 3166 1518 3245 saluta
1555 3222 1576 3239 .
1660 3263 1667 3276 ι

398 3430 753 3481 xxxxm.
820 3402 947 3505 58.
1002 3428 1391 3483 msms‘rno
1440 3430 1596 3481 nno
1652 3426 2043 3481 snum-em.

348 3627 631 3703 sanos
663 3620 864 3703 festo
910 3630 1125 3704 nobis
1162 3684 1185 3723 .,
1233 3628 1429 3703 salua
1482 3628 1580 3702 sit
1630 3628 1768 3702 tihi
1799 3627 2064 3717 domus
2120 3640 2240 3703 tua
2267 3683 2296 3725 ‚

128 3749 331 3825 salua
366 3763 663 3844 nostrat,
722 3776 901 3851 quae
938 3753 999 3826 si
1038 3752 1371 3827 animum'
1406 3765 1738 3825 nostrum
1794 3766 2074 3851 spectes
2100 3807 2124 3846 ‚
2155 3776 2298 3824 una

202 3900 245 3931 α.
278 3874 379 3933 Vh:
414 3879 591 3933 dubito
614 3886 735 3951 quin
766 3878 875 3935 heic
916 3886 992 3937 nel
1029 3904 1174 3953 supra
1198 3882 1425 3936 librarius
1464 3886 1742 3951 peccauerit
1757 3882 1834 3933 bi·
1857 3880 2148 3955 inculcando
2175 3898 2303 3953 pro-¹

134 3952 283 4005 bactu
320 3970 411 4021 pm
452 3954 549 4005 alio
591 3955 835 4005 uocabulo
859 3993 874 4008 .
944 3958 975 4007 b
1008 3961 1139 4007 Ante
1181 3960 1431 4026 integrum
1478 3970 1645 4007 utrum
1686 3956 1740 4007 in
1779 3952 1946 4005 codice
2001 3952 2150 4002 fuerit
2201 3954 2292 4009 ἰη,

134 4027 301 4077 nmio
316 4042 337 4084 3
376 4042 675 4095 qumquam
696 4025 901 4093 aliquod
938 4032 1193 4101 uestigium
1216 4027 1417 4078 forta-se
1448 4043 1669 4093 superest
1688 4060 1704 4075 .
1772 4044 1802 4075 c
1828 4026 1899 4075 Ita
1923 4024 2174 4075 euidenter
2193 4040 2301 4073 co·-

136 4097 237 4147 ἀει
260 4134 273 4148 .
308 4098 569 4164 Ceteroqui
590 4096 757 4147 malim
776 4098 836 4146 ἱη
858 4096 1068 4151 solidum
1096 4140 1107 4151 .
1178 4102 1215 4151 αἶ
1255 4098 1365 4152 Tibi
1390 4096 1737 4165 superadditur
1764 4135 1775 4145 .
1846 4114 1874 4144 e
1909 4096 1984 4145 lta
2029 4112 2070 4146 1.
2107 4112 2255 4145 manu
2273 4110 2296 4155 3

134 4184 189 4217 at
230 4182 281 4217 2.
320 4166 501 4218 deleuit
562 4166 761 4217 alteram
796 4184 862 4218 e.
915 4166 970 4242 f
990 4168 1069 4221 Ita
1104 4170 1247 4233 heic,
1293 4188 1344 4225 et
1380 4170 1436 4222 in
1468 4169 1569 4222 ind.
1608 4168 1693 4221 sed
1735 4166 1844 4219 heic
1891 4167 2084 4219 uidetur
2124 4182 2296 4237 posteo

130 4236 449 4289 emendatum
482 4236 651 4289 saluus
675 4275 690 4290 .
1974 4243 1987 4262 ⁸

288 4366 311 4407 ι
350 4344 567 4406 Confer
594 4344 699 4407 lib.
738 4350 807 4407 1..
840 4366 887 4405 r.
