3384 5134
819 474 936 521 nn
1023 466 1723 531 :nequam-ria
2198 466 2345 551 ²²7

177 596 264 650 re
299 626 320 644 .
374 571 451 646 Si
479 596 600 645 me
631 568 1026 669 interroges
1051 624 1078 662 ‚
1115 568 1733 668 concupiscamne
1768 564 2039 641 bonam
2078 564 2356 641 ualetu-

176 692 430 767 dinem
459 724 483 787 ς
509 692 826 767 abnuam
878 688 1216 793 equidem
1245 744 1267 780 ,
1320 690 1378 763 si
1414 689 1554 761 sim
1582 686 2069 790 philosophus
2102 719 2121 756 =
2174 684 2358 761 nihil

173 828 288 887 est
323 813 522 886 enim
555 813 662 887 fas
709 813 1220 912 concupiscere
1254 809 1557 910 sapienti
1577 823 1697 885 aut
1728 807 2061 907 adpetere
2088 863 2110 902 .,
2157 802 2357 907 quod

169 930 334 1007 fors
373 931 527 1006 fuat
549 958 638 1005 an
665 930 924 1007 frustra
959 930 1486 1029 concupiscat3
1524 955 1656 1002 nec
1693 928 2113 1030 quicquam,
2153 924 2355 1027 quod

165 1053 252 1127 in
292 1078 514 1134 manu
535 1052 864 1129 fortunae
897 1054 1118 1127 situm
1149 1052 1426 1148 uideat,
1465 1050 1940 1151 concupiscet
1967 1084 1985 1121 ε
2014 1064 2255 1123 tamen
2288 1047 2353 1129 si

164 1171 572 1247 necessario
597 1173 692 1247 sit
713 1172 932 1247 altera
959 1198 1067 1246 res
1090 1170 1436 1271 eligenda,
1457 1168 1815 1247 Achilleia
1836 1169 2085 1279 potius
2106 1168 2351 1269 perni-

167 1294 474 1368 citatem
506 1294 768 1392 eligam
790 1350 817 1387 .,
855 1320 1078 1396 quam
1121 1292 1570 1369 debilitatem
1609 1290 2057 1367 Philoctetae
2079 1284 2121 1326 *
2148 1347 2170 1363 .
2224 1291 2347 1365 Si-

145 1412 350 1488 ·mile
406 1415 624 1513 igitur
661 1416 738 1489 in
781 1414 1194 1517 eloquentia
1223 1416 1658 1491 seruandum
1684 1450 1707 1487 ε
1760 1442 1911 1489 non
1964 1439 2179 1515 opere
2230 1414 2345 1486 ni-

161 1535 332 1607 mio
386 1537 868 1636 concupiscas
915 1536 1174 1635 igitur,
1229 1562 1364 1609 nec
1414 1560 1632 1634 opere
1671 1535 1907 1609 nimio
1970 1554 2343 1610 auersere}

163 1668 336 1729 tum
397 1655 458 1728 si
512 1654 919 1753 eligendum
968 1656 1063 1729 sit
1090 1709 1114 1748 ‚
1170 1654 1384 1753 longe
1435 1652 1788 1755 longeque
1845 1653 2336 1755 eloquentiam

159 1774 514 1850 infantiae
533 1777 896 1877 praeferas
915 1832 934 1849 .
957 1776 1228 1852 Audiui
1256 1792 1324 1851 te
1355 1802 1905 1877 nonnumquam
1944 1778 2041 1849 ita
2094 1776 2341 1851 ‹licen-

161 1909 318 1969 tem
348 1930 369 1967 ε
423 1912 500 1971 at
539 1898 738 1971 enim
775 1924 950 1975 cum
997 1898 1272 2001 aliquid
1304 1899 1684 2001 pulchrius
1731 1895 2063 1973 elocutus
2116 1925 2281 1979 sum
2310 1953 2339 1993 ‚

157 2015 428 2117 placeo
458 2016 688 2111 mihi,
717 2019 1028 2120 ideoque
1062 2018 1544 2119 eloquentiam
1574 2020 1769 2118 fugio
1788 2032 1808 2067 ¹
1835 2075 1855 2090 .
1878 2022 2072 2110 Quin
2098 2036 2175 2093 tu
2199 2046 2339 2121 po-

162 2138 314 2211 tius
337 2136 522 2211 illud
561 2139 858 2237 corrigis
891 2165 977 2215 ac
1015 2140 1324 2215 mederis
1363 2167 1448 2212 ne
1491 2138 1773 2241 placeas
1814 2140 1945 2214 tibi
1978 2134 2020 2216 ’ἶ
2056 2167 2203 2215 non
2252 2154 2341 2214 ut

155 2256 246 2331 id
275 2312 302 2355 ‚
335 2274 642 2360 propter
689 2260 889 2359 quod
916 2260 1170 2362 places
1196 2316 1220 2352 ‚
1283 2260 1614 2362 repudies
1640 2316 1660 2333 .
1720 2262 1913 2335 Nam
1948 2307 1971 2357 5
2028 2278 2113 2336 ut
2138 2286 2337 2337 nuno

157 2380 350 2455 facis
375 2436 400 2476 .,
449 2380 623 2456 alibi
677 2396 758 2456 tu
791 2384 1318 2457 medicamenta
1358 2382 1634 2483 obligas
1663 2440 1682 2459 .
1738 2385 1941 2476 Quid
1968 2382 2261 2475 tandem
2292 2378 2337 2461 3

155 2502 229 2577 si
284 2501 422 2576 tibi
475 2500 802 2603 placebis
841 2504 1040 2605 quod
1087 2506 1274 2577 iuste
1338 2503 1676 2579 iudicaris
1704 2560 1729 2600 .,
1791 2506 2144 2579 iustitiam
2206 2533 2331 2585 res·

151 2616 560 2725 pudiabis?
598 2626 660 2699 si
691 2624 1016 2729 placebis
1054 2626 1192 2699 tibi
1240 2624 1369 2727 pio
1413 2624 1662 2727 aliquo
1706 2624 1908 2700 cultu
1960 2629 2323 2728 parentis,

151 2742 508 2842 pietatem
557 2744 982 2843 spel-nabere
1011 2736 1056 2818 ’.Ρ
1103 2744 1358 2817 Places
1389 2744 1522 2817 tibi
1559 2772 1733 2819 cum
1765 2745 2149 2823 facundusz
2186 2748 2327 2845 igi-

153 2876 282 2937 tur
317 2864 816 2939 uerberantem
843 2864 1022 2965 quid
1051 2864 1471 2941 facundiam
1505 2858 1544 2916 h
1569 2866 1901 2941 uerberas
1933 2858 1975 2941 ?
2008 2869 2331 2947 Tametsi

151 2984 436 3086 placita
467 3000 500 3037 ‘²
535 2988 808 3063 diceret
832 3043 856 3082 .,
912 2988 1153 3088 itaque
1193 3000 1262 3059 te
1312 2984 1788 3091 compellaret
1822 3019 1843 3057 ε
1877 2988 1943 3059 Ο
1996 2987 2273 3063 iuuenis
2295 3042 2324 3085 ‚

151 3107 562 3211 periculosa
599 3124 711 3183 est
745 3110 881 3183 tibi
916 3133 1404 3211 praepropera
1450 3106 1789 3209 placendi
1832 3106 1993 3204 suga
2021 3140 2042 3177 ε
2074 3106 2324 3180 nouis-

151 3230 430 3303 simum
455 3253 766 3329 namque
809 3227 1096 3303 homini
1132 3228 1559 3331 sapientiam
1613 3226 1884 3307 colenti
1920 3226 2321 3307 amiculum

335 3449 369 3479 ⁴*
415 3450 518 3516 M.
569 3452 846 3539 Sapiens
901 3436 1068 3519 nihil
1134 3476 1212 3518 ex
1244 3452 1345 3520 his
1372 3498 1395 3535 ‚
1446 3474 1616 3544 qnae
1649 3454 1726 3527 in
1768 3474 1971 3519 manu
2010 3450 2315 3521 fortunae

145 3534 430 3622 uideat,
477 3543 880 3631 concupiscit
919 3592 936 3609 .
988 3545 1070 3613 In
1135 3540 1458 3612 electione
1507 3560 1729 3612 tamen
1786 3542 2036 3612 Achilli
2094 3547 2317 3634 potius

141 3634 620 3719 pernicitatem
651 3680 674 3716 ‚
739 3658 944 3727 quam
1001 3633 1416 3703 Philoctetae
1461 3633 1873 3703 debilitatem
1918 3656 2255 3730 praeoptet
2292 3684 2313 3707 .

217 3866 256 3898 a
289 3849 367 3899 Iu
417 3862 460 3901 1.
489 3866 699 3914 manu-3
737 3868 788 3905 at
823 3852 871 3906 a.
897 3853 1082 3907 deleuit
1117 3872 1182 3903 e.
1251 3854 1282 3905 b
1319 3854 1442 3905 cod.
1471 3848 1731 3923 fizcumiia
1754 3888 1769 3911 ‚
1807 3853 1891 3911 «d
1935 3856 2166 3923 quoniam
2210 3876 2313 3924 aa,

136 3934 220 3971 est
271 3922 324 3970 in
366 3916 464 3971 fine
504 3938 671 3973 uersus
691 3959 706 3980 ,
741 3922 844 3975 fieri
883 3942 1044 3990 potest
1093 3942 1148 3976 nt
1181 3928 1242 3977 nit
1271 3929 1324 3979 in
1367 3925 1538 3979 codice
1573 3926 1747 3989 lineola
1782 3926 2003 3983 indicano
2050 3943 2099 3975 m
2120 3964 2135 3979 .
2170 3931 2309 3999 Bon·

139 4008 266 4041 uero
301 3993 582 4045 coniectura
615 4008 688 4043 est
726 3994 796 4045 ill.
829 3998 968 4048 Rich.
1010 3996 1172 4064 quiin
1213 3997 1289 4049 ed.
1317 3996 1473 4057 berol-
1514 4000 1787 4065 suspicatur
1811 3996 2175 4051 emendandum
2196 3999 2303 4077 “go'-

131 4070 226 4113 eu:
261 4060 472 4112 uerbera
503 4075 550 4113 te
562 4082 583 4127 3
614 4064 738 4132 quid
761 4061 1066 4139 facundiam
1105 4069 1336 4121 neo-bem
1357 4072 1394 4121 Y
1446 4084 1478 4117 e
1513 4071 1654 4119 Corr.
1678 4068 1891 4141 placida
1923 4070 1986 4124 N.

253 4236 280 4276 ι
331 4188 520 4277 'festis
555 4218 666 4279 sibi
705 4222 938 4283 Marcus
969 4220 1046 4286 de
1081 4221 1203 4287 reb.
1240 4218 1362 4283 suis
1391 4220 1442 4282 1.
1479 4240 1538 4305 7.
2016 4222 2029 4267 Ι

1706 4320 1753 4367 «ἡ
