3384 5134
1125 500 1232 594 98
1730 493 2045 568 An'm·
2120 514 2649 568 canuntur

1122 641 1222 691 no
1245 641 1512 718 corpus
1537 611 1853 690 oblitum
1883 670 1905 709 ‚
1947 612 2250 688 calicem
2286 609 2499 686 melle
2536 611 2842 687 delitum
2869 669 2893 708 ‚
2954 637 3271 688 mucro-

1121 762 1291 810 nem
1345 761 1618 810 ueneno
1669 791 1694 831 .‚
1750 734 2035 808 radium
2090 735 2295 810 uisco
2334 789 2361 830 ,
2414 729 2705 806 inlitum
2738 789 2763 829 ‚
2820 735 3091 810 rectius
3146 735 3273 807 di-

1120 857 1358 936 xerim
1387 911 1406 926 .

1338 973 1554 1050 Haud
1579 987 1612 1026 ·
1640 975 1867 1048 sciam
1902 1001 1991 1048 an
2022 975 2182 1075 quis
2206 993 2457 1076 rogetr,
2513 1001 2685 1055 nam
2740 975 2900 1075 quis
2942 999 3064 1046 me
3088 997 3273 1072 pro-

1118 1099 1319 1175 hibet
1349 1098 1769 1172 uestimenta
1822 1096 2055 1170 lauere
2098 1099 2365 1200 potius·
2402 1123 2622 1200 quam
2678 1096 2913 1171 lauare
2956 1088 3001 1170 ?
3038 1094 3271 1168 sudo-

1116 1246 1273 1296 rem
1322 1216 1561 1292 lauare
1593 1220 1843 1318 potius
1896 1241 2115 1318 quam
2170 1217 2455 1292 abluere
2520 1217 2757 1291 dicere
2788 1209 2830 1291 ’,Ρ
2882 1215 3051 1290 Tibi
3086 1239 3271 1288 uero

1113 1364 1330 1412 nemo
1383 1339 1458 1410 in
1503 1363 1586 1412 ea
1635 1365 1712 1411 re
1748 1337 2188 1412 intercedere
2246 1353 2371 1412 aut
2434 1338 2855 1410 modificare
2894 1335 3073 1407 ·iure
3109 1331 3273 1405 ullo

1027 1447 1030 1452 ¹
1079 1455 1383 1558 'poterit
1413 1511 1437 1552 ‚
1477 1459 1602 1558 qui
1643 1459 1741 1531 sis
1776 1457 2021 1532 liberis
2057 1449 2095 1506 b
2126 1471 2519 1558 prognatus
2556 1511 2579 1548 .,
2618 1469 2691 1528 et
2728 1453 3055 1554 equitum
3081 1476 3265 1524 cen-

1114 1601 1274 1650 sum
1317 1577 1851 1678 praeteruehare
1892 1629 1913 1666 ‚
1975 1591 2047 1651 et
2098 1577 2173 1649 iu
2212 1592 2455 1650 senatu
2492 1575 2917 1652 sententiam
2952 1597 3211 1671 rogare
3236 1601 3261 1636 ε

1113 1724 1246 1772 nos
1283 1725 1458 1774 uero
1513 1701 1638 1801 qui
1681 1701 2072 1775 doctorum
2130 1699 2421 1773 auribus
2476 1698 2800 1774 seruituti
2846 1695 3267 1772 seruiendae

1111 1834 1398 1892 nosmet
1453 1817 1787 1894 dedimus
1824 1874 1846 1908 ‚
1898 1843 2183 1892 necesse
2216 1833 2325 1892 est
2364 1818 2595 1891 tenuia
2620 1830 2651 1866 ⁰
2680 1840 2970 1918 quoque
3018 1815 3167 1888 ista
3192 1826 3269 1884 et

1109 1937 1387 2012 minuta
1431 1965 1719 2012 summa
1758 1965 1931 2013 eum
1964 1964 2133 2012 eura
2174 1963 2686 2040 persequamur
2720 1993 2739 2008 .
2796 1935 3043 2010 Uerba
3070 1959 3265 2032 pro-

1109 2079 1228 2128 sus
1285 2053 1404 2128 alii
1443 2071 1647 2130 uecte
1677 2073 1751 2130 et
1788 2055 2053 2131 malleo
2088 2113 2110 2152 ‚
2168 2073 2251 2130 ut
2282 2055 2519 2130 silices
2542 2111 2564 2146 ,
2616 2053 3075 2145 moliuntur3
3136 2051 3263 2126 alii

1107 2187 1352 2248 autem
1377 2175 1578 2250 caelo
1603 2167 2025 2249 et‘marculo
2056 2231 2078 2270 ‚
2122 2190 2203 2248 ut
2227 2173 2621 2272 gemmulas
2666 2171 3069 2274 exculpunt
3088 2165 3135 2204 *
3160 2163 3205 2219 d
3238 2205 3261 2242 ε

1108 2305 1180 2366 te
1231 2296 1524 2396 aequius
1576 2297 1715 2369 erit
1746 2293 1839 2368 ad
1890 2295 2287 2432 quaerenda
2327 2291 2683 2366 sollertius
2734 2291 3009 2380 uerba,
3050 2285 3261 2388 quod

1105 2428 1474 2490 correctus
1509 2417 1604 2490 sis
1643 2415 2063 2490 meminisse
2096 2469 2119 2508 .,
2177 2439 2396 2512 quam
2438 2411 2639 2512 quod
2677 2409 3212 2512 depraehensus
3237 2464 3262 2504 .,

1111 2510 1520 2609 detractare
1541 2549 1666 2607 aut
1687 2535 2091 2608 retardari.
2150 2537 2339 2608 Nam
2374 2535 2435 2606 si
2470 2533 2869 2634 quaerendo
2911 2531 3215 2605 desistes
3238 2585 3265 2623 .,

1101 2675 1504 2751 numquam
1539 2653 1893 2752 reperies3
1920 2657 2013 2728 si
2046 2683 2177 2754 pei
2177 2681 2293 2752 ges
2350 2681 2681 2754 quaerere
2708 2711 2731 2750 ,
2766 2653 3134 2754 repperies
3174 2665 3206 2700 ‘²
3238 2707 3257 2724 .

1102 2767 1426 2867 Denique
1463 2768 1660 2844 uisus
1704 2773 1923 2844 etiam
1950 2799 2023 2846 es
2078 2774 2256 2846 mihi
2296 2829 2319 2864 .,
2376 2773 2669 2873 insuper
2714 2773 3048 2848 habuisse
3080 2799 3265 2850 cum

1105 2882 1435 2962 ordinem
1475 2889 1676 2963 uerbi
1718 2892 1819 2965 tui
1860 2894 2355 2968 immutassem
2412 2949 2434 2987 ‚
2494 2897 2601 2967 uti
2652 2911 2817 2972 ante
2852 2895 3267 2994 tricipitem

1102 3003 1380 3081 diceres
1435 3031 1657 3110 quam
1712 3013 2128 3114 Geryonam
2190 3013 2595 3088 nominares
2632 3067 2655 3088 .
2712 3013 2799 3085 Id
2838 3037 3137 3114 quoque
3174 3039 3261 3084 ne

1097 3124 1384 3222 ignores
1415 3163 1437 3202 ε
1473 3130 1811 3234 pleraque
1843 3135 1917 3209 in
1950 3136 2271 3211 oratioue
2296 3191 2319 3230 ,
2370 3137 2623 3210 ordine
2666 3138 3031 3210 inmutato
3068 3192 3091 3227 .‚
3140 3133 3259 3208 'uel

1095 3263 1250 3322 rata
1309 3250 1528 3323 uerba
1580 3253 1763 3326 fiunt
1806 3251 1919 3326 uel
1976 3277 2505 3354 superuacanea
2543 3248 2587 3289 *
2624 3311 2643 3325 .
2710 3255 2989 3328 Nauem
3040 3254 3262 3326 trire-

1093 3392 1292 3443 mem
1332 3371 1466 3444 rite
1513 3371 1823 3447 dixerim
1874 3403 1897 3470 ς
1968 3375 2337 3448 triremem
2398 3399 2651 3450 nauem
2716 3399 3260 3482 superuacaneo

1107 3518 1359 3536 ψ*

1281 3602 1314 3633 ⁴*
1359 3603 1460 3670 M.
1513 3601 1652 3670 Alii
1704 3604 1907 3671 uerba
1954 3622 2103 3671 uete
2140 3611 2171 3670 s
2198 3603 2309 3672 uel
2360 3602 2601 3672 malleo
2650 3621 2717 3670 et
2780 3602 2963 3668 silice
3020 3631 3059 3686 g
3094 3625 3255 3669 mo·-

1002 3736 1033 3769 χ
1093 3685 1409 3768 ,liuntur-
1457 3690 1573 3759 alii
1621 3694 1807 3762 caelo
1842 3713 1911 3762 et
1956 3695 2316 3780 marculo,
2364 3713 2443 3766 ut
2500 3699 2621 3788 qui
2669 3719 2961 3788 gemmas
3006 3694 3255 3766 excul-

1044 3792 1326 3908 sum*-
1357 3876 1460 3944 ΔΜ.
1511 3873 1592 3940 In
1641 3873 1776 3944 alio
1824 3899 2233 3966 superuacua
2272 3929 2292 3944 .
2925 3969 2954 3982 ο

898 3989 3259 4040 0···———-—-——--—-——-—--—-—-—-.—-L—-—-

1049 4109 1071 4134 ο
1144 4111 1206 4142 a
1217 4093 1361 4160 Cod.
1385 4092 1548 4152 haut,
1574 4111 1628 4144 ut
1651 4113 1831 4160 supra.
1904 4097 1934 4146 b
1972 4100 2031 4148 In
2057 4096 2164 4147 cod.
2184 4097 2419 4166 repetitur
2448 4097 2648 4150 Uberes.
2718 4116 2748 4148 c
2780 4099 2897 4149 Vox
2918 4102 3257 4170 tenuiori-pe-

1101 4165 1224 4214 titur
1254 4165 1306 4214 in
1345 4167 1560 4234 margine
1599 4180 1654 4214 nt
1685 4167 1913 4218 not-bili·
1953 4203 1967 4216 .
2038 4169 2076 4217 d
2113 4173 2187 4220 Ita
2252 4169 2361 4218 cod.
2410 4185 2455 4218 2.
2501 4187 2685 4230 manu3
2741 4186 2791 4220 at
2845 4186 2887 4219 1.
2944 4187 3063 4222 eret

1099 4235 1925 4304 elmund-modocumdnpuei,
1962 4239 2258 4291 modocum
2298 4241 2540 4316 uuio-p.
2604 4205 2879 4316 fluend-
2953 4243 3253 4314 glo-ood-
