3384 5134
1045 457 1072 506 1
1089 429 1184 510 88
1818 452 1863 504 A
1894 457 1937 504 n
2020 457 2061 506 u
2089 459 2131 508 ι
2160 461 2201 508 ιι
2230 457 2271 505 u
2304 457 2359 506 ι

1037 583 1120 632 os
1153 577 1324 628 cum
1347 547 1670 624 barbaris
1691 549 1979 623 habitos
2008 605 2027 622 .
2056 551 2365 624 Multum
2388 549 2565 622 haec
2596 549 2733 625 tibi
2758 554 3121 630 conferent
3142 603 3169 624 .

1035 677 1280 750 Unam
1302 697 1454 746 rem
1485 668 1656 743 uolo
1677 725 1701 764 ,
1748 697 1893 744 non
1929 671 2221 771 quidem
2252 669 2739 744 demonstrare
2768 672 3165 775 discipulus

1035 795 1410 894 magistro,
1433 789 1558 864 sed
1575 789 2124 864 existimandam
2150 789 2319 862 dare
2348 844 2367 858 .
2414 789 2624 886 Circa
2656 813 2911 864 causas
2942 808 3015 866 et
3040 793 3171 866 ini·

1035 915 1136 988 tia
1159 913 1332 988 belli
1353 911 1480 986 diu
1503 909 2069 984 commoraberis
2088 963 2113 1003 ,
2148 921 2221 981 et
2250 908 2467 1016 etiam
2498 937 2577 984 ea
2608 937 2789 1012 quae
2818 914 3031 988 nobis
3050 913 3175 986 ab·

1040 1032 1354 1106 sentibus
1387 1029 1574 1104 male
1605 1043 1793 1126 gesta
1846 1041 2055 1102 sunt¹
2098 1081 2117 1098 .
2166 1023 2399 1100 Tarde
2450 1025 2545 1099 ad
2588 1044 2833 1104 nostra
2888 1033 3123 1104 uenies
3148 1087 3167 1104 .

1039 1149 1267 1225 Porro
1291 1147 1762 1222 necessarium
1786 1163 1961 1246 puto
1981 1202 2005 1241 ‚
2036 1157 2303 1246 quanto
2328 1159 2488 1216 ante
2510 1170 2753 1218 meum
2782 1145 3167 1222 aduentum

1039 1272 1434 1372 superiores
1502 1269 1749 1342 Parthi
1792 1269 2051 1342 fuerint
2076 1323 2099 1362 ,
2134 1265 2448 1340 dilucere
2478 1320 2501 1361 ,
2536 1281 2617 1340 ut
2646 1285 3001 1368 quantum
3046 1299 3171 1344 nos

1043 1406 1394 1504 egerimus
1429 1419 1773 1506 appareat
1806 1461 1824 1477 .
1870 1403 1987 1476 An
2020 1400 2237 1498 igitur
2272 1397 2531 1471 debeas
2555 1454 2580 1493 .,
2620 1401 3002 1499 quomodo
3034 1437 3177 1476 vev-

1042 1535 1475 1604 τιιὶοντιιτίαν
1499 1537 1530 1576 ²
1561 1529 1946 1602 Θουκυδίδης
1976 1520 2336 1622 exposuit,
2362 1517 2485 1591 illa
2514 1520 2757 1592 omnia
2786 1522 3175 1620 corripere,

1047 1673 1136 1720 an
1171 1673 1342 1722 uero
1395 1645 1612 1749 paulo
1653 1643 1863 1718 altius
1900 1640 2141 1716 dicere
2170 1697 2194 1737 ‚
2230 1663 2361 1715 nec
2412 1653 2649 1712 tamen
2688 1641 2789 1714 ita
2824 1696 2848 1735 ‚
2890 1657 2975 1714 ut
3006 1669 3183 1717 mox

1049 1781 1338 1861 nostra,
1387 1763 1855 1866 dispendere,
1903 1764 2057 1863 ipse
2089 1760 2427 1861 dispicies
2462 1813 2483 1828 .
2534 1761 2620 1831 In
2650 1753 2937 1832 'summa
2976 1787 3174 1834 meae

1051 1909 1160 1957 res
1190 1899 1417 1982 gestae
1444 1897 1677 1958 tantae
1706 1895 1895 1976 sunt,
1934 1891 2235 1980 quantae
2268 1891 2433 1950 sunt
2466 1875 2766 1969 scilicet,
2801 1881 3187 1978 quoiquoi-

1052 2001 1256 2080 modi
1305 2015 1340 2052 ⁸
1386 2014 1552 2075 sunt
1587 2035 1609 2072 z
1661 2013 1899 2074 tantae
1944 2013 2179 2071 autem
2224 1995 2655 2072 uidebuntur
2679 2049 2702 2086 ‚
2754 2011 3051 2095 quantas
3112 2013 3185 2070 tu

1055 2147 1173 2196 eas
1207 2121 1435 2196 uideri
1474 2121 1670 2196 uoles
1699 2177 1719 2194 .

1427 2389 1593 2439 1111.
1647 2385 1939 2437 DOMINO
1992 2383 2145 2434 uto
2200 2380 2388 2432 {sl-:Ro
2440 2380 2828 2431 AUGUSTO.

1617 2483 1640 2509 κ

1266 2605 1701 2696 ΩυΑΜρυΑΜ
1758 2627 1875 2674 me
1928 2601 2055 2672 diu
2106 2625 2276 2673 cum
2323 2599 2465 2671 ista
2506 2595 2910 2672 ualetudine
2961 2601 3195 2672 uiuere

1061 2723 1491 2822 iampridem
1523 2723 1759 2822 pigeat
1790 2720 2203 2819 taedeatque
2225 2774 2249 2813 ‚
2286 2730 2523 2789 tamen
2558 2715 2677 2786 ubi
2711 2729 2780 2788 te
2814 2729 3011 2790 tanta
3046 2717 3199 2816 glo-

1063 2843 1168 2916 ria
1188 2870 1316 2942 per
1353 2844 1692 2916 uirtutem
1719 2853 1921 2942 parta
1950 2841 2286 2914 reducem
2308 2831 2357 2926 ,3
2380 2837 2659 2929 uiderox,
2689 2863 2913 2937 neque
2953 2841 3029 2912 in
3048 2865 3200 2912 cas-
3328 2823 3330 2878 ἶ

1063 2989 1224 3036 sum
1271 2963 1515 3037 uixero
1536 3019 1558 3056 ,
1593 2988 1817 3064 neque
1852 2962 2123 3034 inuitus
2150 2974 2495 3061 quantum
2548 2959 2731 3031 uitae
2760 2957 3062 3033 dabitur
3094 2963 3200 3030 ui·
3328 3013 3330 3058 ;

1079 3111 1250 3160 uam
1287 3141 1304 3156 .
1367 3085 1549 3158 Uale
1615 3083 1925 3180 Domine
1989 3080 2631 3156 desiderantissime
2662 3134 2681 3150 .
2760 3081 3078 3154 Socrum
3134 3093 3203 3150 et
3328 3077 3330 3090 ²

1069 3203 1331 3278 liberos
1372 3217 1646 3278 uestros
1700 3201 1929 3275 saluta
1966 3255 1985 3272 .
2064 3295 2069 3302 .

1179 3423 1217 3458 a
1239 3408 1313 3460 In
1361 3423 1403 3459 1.
1425 3401 1576 3458 manin
1611 3421 1662 3458 at
1702 3421 1749 3458 a.
1788 3401 2177 3474 musiqaozmodz.

1160 3597 1182 3633 ι
1235 3579 1384 3632 Dum
1421 3575 1609 3632 Verus
1629 3572 1847 3632 scilicet
1882 3553 2093 3631 Romae
2177 3570 2717 3650 peloponnesiacum
2752 3613 2770 3628 .
2836 3573 3109 3651 Thucyd.
3162 3573 3209 3628 1.

1077 3659 1487 3735 degeret,tum
1521 3657 1735 3715 deinde
1764 3675 1871 3732 per
1906 3659 2098 3716 Grae-
2180 3657 2275 3730 89.
2312 3675 2433 3731 sqq.
2546 3697 2553 3705 .

945 3749 956 3762 '
1073 3744 1194 3799 ciae
1241 3753 1410 3816 atque
1463 3738 1629 3796 Asiae
1669 3739 1841 3796 urbes
1887 3735 2109 3816 procul,
2258 3739 2292 3796 3
2336 3736 2669 3816 Aparthica
2704 3740 2925 3798 scilicet
2962 3739 3207 3816 expedi-

1069 3822 1229 3882 bello
1269 3821 1686 3878 luxuriaretur.
2176 3822 2365 3878 tione.
2411 3821 2563 3878 Hinc
2592 3829 2809 3880 nummi
2844 3824 2985 3880 Veri
3010 3827 3211 3892 Augu-

1151 3928 1184 3966 2
1230 3904 1490 3980 Spatium
1537 3903 1948 3981 quinquaginta
1987 3923 2095 3961 un·
2172 3903 2245 3964 sti
2278 3903 2583 3960 armeniaci
2614 3905 2868 3984 parthici
2904 3925 3033 3965 cum
3067 3909 3213 3964 for—

1071 4007 1273 4050 norum
1291 4008 1321 4045 a
1341 3987 1536 4048 Xerxe·
1555 3987 1753 4066 fugato
1770 3987 1848 4046 ad
1878 3985 2097 4045 bellum
2179 3998 2317 4046 tuna
2356 3986 2570 4045 reduce
2590 4029 2605 4042 .
