<?xml version="1.0" encoding="UTF-8"?>
<!DOCTYPE html PUBLIC "-//W3C//DTD XHTML 1.0 Transitional//EN"
    "http://www.w3.org/TR/xhtml1/DTD/xhtml1-transitional.dtd">
<html xmlns="http://www.w3.org/1999/xhtml" xml:lang="en" lang="en">
 <head>
  <title>
</title>
<meta http-equiv="Content-Type" content="text/html;charset=utf-8" />
  <meta name='ocr-system' content='tesseract 3.04.00' />
  <meta name='ocr-capabilities' content='ocr_page ocr_carea ocr_par ocr_line ocrx_word'/>
</head>
<body>
  <div class='ocr_page' id='page_1' title='image "./mcorneliifronto00maigoog/mcorneliifronto00maigoog_0147.png"; bbox 0 0 3384 5134; ppageno 0'>
   <div class='ocr_carea' id='block_1_1' title="bbox 220 418 252 445">
    <p class='ocr_par' dir='ltr' id='par_1_1' title="bbox 220 418 252 445">
     <span class='ocr_line' id='line_1_1' title="bbox 220 418 252 445; baseline 0 0"><span class='ocrx_word' id='word_1_1' title='bbox 220 418 252 445; x_wconf 53' lang='lat' dir='ltr'>N</span> 
     </span>
    </p>
   </div>
   <div class='ocr_carea' id='block_1_2' title="bbox 128 512 2392 3239">
    <p class='ocr_par' dir='ltr' id='par_1_2' title="bbox 128 512 2392 3239">
     <span class='ocr_line' id='line_1_2' title="bbox 918 512 1457 561; baseline 0 -2"><span class='ocrx_word' id='word_1_2' title='bbox 918 512 1229 561; x_wconf 67' lang='lat' dir='ltr'>Linea</span> <span class='ocrx_word' id='word_1_3' title='bbox 1319 512 1457 561; x_wconf 84' lang='lat' dir='ltr'>1n1</span> 
     </span>
     <span class='ocr_line' id='line_1_3' title="bbox 134 518 2257 712; baseline 0.005 -35"><span class='ocrx_word' id='word_1_4' title='bbox 134 602 337 677; x_wconf 82' lang='lat' dir='ltr'>cultas</span> <span class='ocrx_word' id='word_1_5' title='bbox 362 660 387 699; x_wconf 89' lang='lat'>.‚</span> <span class='ocrx_word' id='word_1_6' title='bbox 436 630 663 705; x_wconf 87' lang='lat' dir='ltr'>quam</span> <span class='ocrx_word' id='word_1_7' title='bbox 688 604 1109 705; x_wconf 74' lang='lat' dir='ltr'>scrupulosa</span> <span class='ocrx_word' id='word_1_8' title='bbox 1131 621 1207 681; x_wconf 84' lang='lat' dir='ltr'>et</span> <span class='ocrx_word' id='word_1_9' title='bbox 1236 610 1495 683; x_wconf 81' lang='lat' dir='ltr'><strong>ancxia</strong></span> <span class='ocrx_word' id='word_1_10' title='bbox 1522 595 1693 683; x_wconf 85' lang='lat' dir='ltr'>cura</span> <span class='ocrx_word' id='word_1_11' title='bbox 1719 609 1796 680; x_wconf 91' lang='lat' dir='ltr'>in</span> <span class='ocrx_word' id='word_1_12' title='bbox 1815 608 2057 683; x_wconf 86' lang='lat' dir='ltr'>uerbis</span> <span class='ocrx_word' id='word_1_13' title='bbox 2081 518 2257 712; x_wconf 48' lang='grc' dir='ltr'>Ριξξ-</span> 
     </span>
     <span class='ocr_line' id='line_1_4' title="bbox 132 720 2260 821; baseline 0.006 -27"><span class='ocrx_word' id='word_1_14' title='bbox 132 722 369 797; x_wconf 83' lang='lat' dir='ltr'>bandis</span> <span class='ocrx_word' id='word_1_15' title='bbox 394 722 800 797; x_wconf 80' lang='lat' dir='ltr'>adhibenda</span> <span class='ocrx_word' id='word_1_16' title='bbox 825 726 920 799; x_wconf 89' lang='lat' dir='ltr'>sit</span> <span class='ocrx_word' id='word_1_17' title='bbox 941 720 983 759; x_wconf 86' lang='lat'>*</span> <span class='ocrx_word' id='word_1_18' title='bbox 1010 740 1043 774; x_wconf 69' lang='lat'>⁸</span> <span class='ocrx_word' id='word_1_19' title='bbox 1075 782 1098 821; x_wconf 91' lang='lat'>.,</span> <span class='ocrx_word' id='word_1_20' title='bbox 1142 752 1229 800; x_wconf 90' lang='lat' dir='ltr'>ne</span> <span class='ocrx_word' id='word_1_21' title='bbox 1258 753 1338 800; x_wconf 86' lang='lat' dir='ltr'>ea</span> <span class='ocrx_word' id='word_1_22' title='bbox 1366 752 1479 801; x_wconf 85' lang='lat' dir='ltr'>res</span> <span class='ocrx_word' id='word_1_23' title='bbox 1531 728 1814 803; x_wconf 82' lang='lat' dir='ltr'>animos</span> <span class='ocrx_word' id='word_1_24' title='bbox 1847 728 2260 807; x_wconf 87' lang='lat' dir='ltr'>adulescen-</span> 
     </span>
     <span class='ocr_line' id='line_1_5' title="bbox 131 840 2260 952; baseline 0.005 -36"><span class='ocrx_word' id='word_1_25' title='bbox 131 844 297 917; x_wconf 86' lang='lat' dir='ltr'>tium</span> <span class='ocrx_word' id='word_1_26' title='bbox 312 846 781 939; x_wconf 52' lang='lat' dir='ltr'>retardemini:</span> <span class='ocrx_word' id='word_1_27' title='bbox 798 874 1004 949; x_wconf 88' lang='lat' dir='ltr'>spem</span> <span class='ocrx_word' id='word_1_28' title='bbox 1028 848 1477 949; x_wconf 87' lang='lat' dir='ltr'>adipiscendi</span> <span class='ocrx_word' id='word_1_29' title='bbox 1494 848 1820 923; x_wconf 84' lang='lat' dir='ltr'>debilitet</span> <span class='ocrx_word' id='word_1_30' title='bbox 1835 840 1895 921; x_wconf 77' lang='lat' dir='ltr'>b.</span> <span class='ocrx_word' id='word_1_31' title='bbox 1925 852 2084 924; x_wconf 85' lang='lat' dir='ltr'>Una</span> <span class='ocrx_word' id='word_1_32' title='bbox 2101 852 2260 952; x_wconf 85' lang='lat' dir='ltr'>ple-</span> 
     </span>
     <span class='ocr_line' id='line_1_6' title="bbox 130 967 2256 1069; baseline 0.003 -31"><span class='ocrx_word' id='word_1_33' title='bbox 130 990 413 1066; x_wconf 78' lang='lat' dir='ltr'>rumque</span> <span class='ocrx_word' id='word_1_34' title='bbox 438 968 676 1043; x_wconf 83' lang='lat' dir='ltr'>littera</span> <span class='ocrx_word' id='word_1_35' title='bbox 708 968 1041 1043; x_wconf 80' lang='lat' dir='ltr'>translata</span> <span class='ocrx_word' id='word_1_36' title='bbox 1074 984 1196 1042; x_wconf 85' lang='lat' dir='ltr'>aut</span> <span class='ocrx_word' id='word_1_37' title='bbox 1216 982 1551 1069; x_wconf 81' lang='lat' dir='ltr'>exempta</span> <span class='ocrx_word' id='word_1_38' title='bbox 1576 982 1702 1043; x_wconf 80' lang='lat' dir='ltr'>aut</span> <span class='ocrx_word' id='word_1_39' title='bbox 1724 967 2080 1043; x_wconf 80' lang='lat' dir='ltr'>inmutata</span> <span class='ocrx_word' id='word_1_40' title='bbox 2100 973 2256 1045; x_wconf 91' lang='lat' dir='ltr'>uim</span> 
     </span>
     <span class='ocr_line' id='line_1_7' title="bbox 128 1080 2260 1188; baseline 0.003 -30"><span class='ocrx_word' id='word_1_41' title='bbox 128 1089 315 1160; x_wconf 86' lang='lat' dir='ltr'>uerbi</span> <span class='ocrx_word' id='word_1_42' title='bbox 334 1114 421 1162; x_wconf 88' lang='lat' dir='ltr'>ac</span> <span class='ocrx_word' id='word_1_43' title='bbox 445 1080 895 1163; x_wconf 67' lang='lat' dir='ltr'>uenuslahem</span> <span class='ocrx_word' id='word_1_44' title='bbox 922 1104 1333 1165; x_wconf 72' lang='lat' dir='ltr'>commutat</span> <span class='ocrx_word' id='word_1_45' title='bbox 1360 1106 1435 1163; x_wconf 82' lang='lat' dir='ltr'>et</span> <span class='ocrx_word' id='word_1_46' title='bbox 1456 1089 1873 1188; x_wconf 82' lang='lat' dir='ltr'>elegantiam</span> <span class='ocrx_word' id='word_1_47' title='bbox 1894 1089 2008 1167; x_wconf 81' lang='lat' dir='ltr'>uel</span> <span class='ocrx_word' id='word_1_48' title='bbox 2033 1091 2260 1165; x_wconf 87' lang='lat' dir='ltr'>scien·-</span> 
     </span>
     <span class='ocr_line' id='line_1_8' title="bbox 134 1193 2260 1313; baseline 0.003 -32"><span class='ocrx_word' id='word_1_49' title='bbox 134 1210 295 1282; x_wconf 83' lang='lat' dir='ltr'>tiam</span> <span class='ocrx_word' id='word_1_50' title='bbox 367 1210 734 1312; x_wconf 82' lang='lat' dir='ltr'>loquentis</span> <span class='ocrx_word' id='word_1_51' title='bbox 792 1193 1113 1285; x_wconf 80' lang='lat' dir='ltr'>declarat</span> <span class='ocrx_word' id='word_1_52' title='bbox 1160 1268 1179 1283; x_wconf 91' lang='lat'><strong>.</strong></span> <span class='ocrx_word' id='word_1_53' title='bbox 1234 1212 1599 1313; x_wconf 86' lang='lat' dir='ltr'><strong>Equidem</strong></span> <span class='ocrx_word' id='word_1_54' title='bbox 1654 1226 1726 1285; x_wconf 82' lang='lat' dir='ltr'>te</span> <span class='ocrx_word' id='word_1_55' title='bbox 1784 1212 2260 1294; x_wconf 81' lang='lat' dir='ltr'>animaduerti</span> 
     </span>
     <span class='ocr_line' id='line_1_9' title="bbox 132 1330 2261 1433; baseline 0.005 -36"><span class='ocrx_word' id='word_1_56' title='bbox 132 1356 341 1429; x_wconf 87' lang='lat' dir='ltr'>quom</span> <span class='ocrx_word' id='word_1_57' title='bbox 368 1334 552 1407; x_wconf 84' lang='lat' dir='ltr'>mihi</span> <span class='ocrx_word' id='word_1_58' title='bbox 574 1334 847 1433; x_wconf 79' lang='lat' dir='ltr'>scripta</span> <span class='ocrx_word' id='word_1_59' title='bbox 878 1347 999 1407; x_wconf 84' lang='lat' dir='ltr'>tua</span> <span class='ocrx_word' id='word_1_60' title='bbox 1040 1332 1377 1431; x_wconf 81' lang='lat' dir='ltr'>relegeres</span> <span class='ocrx_word' id='word_1_61' title='bbox 1406 1388 1427 1422; x_wconf 92' lang='lat'>‚</span> <span class='ocrx_word' id='word_1_62' title='bbox 1478 1332 1712 1432; x_wconf 87' lang='lat' dir='ltr'>adque</span> <span class='ocrx_word' id='word_1_63' title='bbox 1749 1358 1878 1429; x_wconf 72' lang='lat' dir='ltr'>ego</span> <span class='ocrx_word' id='word_1_64' title='bbox 1914 1330 2002 1407; x_wconf 76' lang='lat' dir='ltr'>de</span> <span class='ocrx_word' id='word_1_65' title='bbox 2037 1335 2261 1409; x_wconf 87' lang='lat' dir='ltr'>uerbo</span> 
     </span>
     <span class='ocr_line' id='line_1_10' title="bbox 134 1451 2258 1555; baseline 0.003 -32"><span class='ocrx_word' id='word_1_66' title='bbox 134 1451 471 1549; x_wconf 81' lang='lat' dir='ltr'>syllabam</span> <span class='ocrx_word' id='word_1_67' title='bbox 494 1469 979 1555; x_wconf 76' lang='lat' dir='ltr'><strong>permutarem</strong></span> <span class='ocrx_word' id='word_1_68' title='bbox 1004 1510 1024 1543; x_wconf 90' lang='lat'>‚</span> <span class='ocrx_word' id='word_1_69' title='bbox 1079 1470 1149 1529; x_wconf 86' lang='lat' dir='ltr'>te</span> <span class='ocrx_word' id='word_1_70' title='bbox 1186 1456 1265 1529; x_wconf 86' lang='lat' dir='ltr'>id</span> <span class='ocrx_word' id='word_1_71' title='bbox 1302 1452 1659 1552; x_wconf 79' lang='lat' dir='ltr'>neglegere</span> <span class='ocrx_word' id='word_1_72' title='bbox 1694 1507 1720 1546; x_wconf 86' lang='lat'>‚</span> <span class='ocrx_word' id='word_1_73' title='bbox 1774 1477 1907 1527; x_wconf 85' lang='lat' dir='ltr'>nec</span> <span class='ocrx_word' id='word_1_74' title='bbox 1942 1453 2258 1530; x_wconf 87' lang='lat' dir='ltr'>multum</span> 
     </span>
     <span class='ocr_line' id='line_1_11' title="bbox 134 1574 2263 1673; baseline 0.002 -28"><span class='ocrx_word' id='word_1_75' title='bbox 134 1576 373 1650; x_wconf 79' lang='lat' dir='ltr'>referre</span> <span class='ocrx_word' id='word_1_76' title='bbox 444 1574 774 1649; x_wconf 75' lang='lat' dir='ltr'>arbitrari</span> <span class='ocrx_word' id='word_1_77' title='bbox 812 1634 829 1648; x_wconf 92' lang='lat'><strong><em>.</em></strong></span> <span class='ocrx_word' id='word_1_78' title='bbox 887 1577 1139 1649; x_wconf 83' lang='lat' dir='ltr'><strong>Nolim</strong></span> <span class='ocrx_word' id='word_1_79' title='bbox 1177 1576 1393 1673; x_wconf 83' lang='lat' dir='ltr'>igitur</span> <span class='ocrx_word' id='word_1_80' title='bbox 1444 1588 1513 1647; x_wconf 84' lang='lat' dir='ltr'>te</span> <span class='ocrx_word' id='word_1_81' title='bbox 1568 1576 1894 1671; x_wconf 82' lang='lat' dir='ltr'>ignorare</span> <span class='ocrx_word' id='word_1_82' title='bbox 1945 1574 2263 1672; x_wconf 75' lang='lat' dir='ltr'>syllabae</span> 
     </span>
     <span class='ocr_line' id='line_1_12' title="bbox 136 1672 2261 1797; baseline 0.001 -32"><span class='ocrx_word' id='word_1_83' title='bbox 136 1695 325 1769; x_wconf 87' lang='lat' dir='ltr'>unius</span> <span class='ocrx_word' id='word_1_84' title='bbox 354 1672 749 1768; x_wconf 62' lang='lat' dir='ltr'>discrimen</span> <span class='ocrx_word' id='word_1_85' title='bbox 780 1710 1134 1797; x_wconf 79' lang='lat' dir='ltr'>quantum</span> <span class='ocrx_word' id='word_1_86' title='bbox 1168 1695 1431 1769; x_wconf 84' lang='lat' dir='ltr'>referat</span> <span class='ocrx_word' id='word_1_87' title='bbox 1462 1688 1506 1758; x_wconf 68' lang='grc' dir='ltr'>*Γ</span> <span class='ocrx_word' id='word_1_88' title='bbox 1532 1750 1551 1766; x_wconf 93' lang='grc'><strong>.</strong></span> <span class='ocrx_word' id='word_1_89' title='bbox 1592 1696 1695 1769; x_wconf 81' lang='lat' dir='ltr'>Os</span> <span class='ocrx_word' id='word_1_90' title='bbox 1719 1690 1770 1743; x_wconf 61' lang='grc' dir='ltr'>θ’</span> <span class='ocrx_word' id='word_1_91' title='bbox 1791 1692 2106 1768; x_wconf 83' lang='lat' dir='ltr'>colluere</span> <span class='ocrx_word' id='word_1_92' title='bbox 2139 1696 2261 1767; x_wconf 87' lang='lat' dir='ltr'>di-</span> 
     </span>
     <span class='ocr_line' id='line_1_13' title="bbox 136 1802 2264 1914; baseline 0.002 -33"><span class='ocrx_word' id='word_1_93' title='bbox 136 1834 287 1883; x_wconf 84' lang='lat' dir='ltr'>cam</span> <span class='ocrx_word' id='word_1_94' title='bbox 326 1841 348 1906; x_wconf 78' lang='lat'>3</span> <span class='ocrx_word' id='word_1_95' title='bbox 404 1814 902 1914; x_wconf 80' lang='lat' dir='ltr'>pauimentum</span> <span class='ocrx_word' id='word_1_96' title='bbox 954 1828 1194 1886; x_wconf 75' lang='lat' dir='ltr'>autem</span> <span class='ocrx_word' id='word_1_97' title='bbox 1236 1814 1310 1885; x_wconf 90' lang='lat' dir='ltr'>in</span> <span class='ocrx_word' id='word_1_98' title='bbox 1356 1813 1633 1887; x_wconf 76' lang='lat' dir='ltr'>balneis</span> <span class='ocrx_word' id='word_1_99' title='bbox 1682 1812 1998 1913; x_wconf 89' lang='lat' dir='ltr'>pelluere</span> <span class='ocrx_word' id='word_1_100' title='bbox 2033 1868 2058 1909; x_wconf 75' lang='lat'>⁷</span> <span class='ocrx_word' id='word_1_101' title='bbox 2085 1802 2264 1886; x_wconf 57' lang='lat' dir='ltr'>&#39;non</span> 
     </span>
     <span class='ocr_line' id='line_1_14' title="bbox 140 1926 2270 2031; baseline 0.001 -29"><span class='ocrx_word' id='word_1_102' title='bbox 140 1930 436 2006; x_wconf 85' lang='lat' dir='ltr'>colluere</span> <span class='ocrx_word' id='word_1_103' title='bbox 468 1968 489 2005; x_wconf 71' lang='grc' dir='ltr'><strong>ε</strong></span> <span class='ocrx_word' id='word_1_104' title='bbox 543 1932 863 2007; x_wconf 85' lang='lat' dir='ltr'>lacrimis</span> <span class='ocrx_word' id='word_1_105' title='bbox 925 1960 1101 2005; x_wconf 89' lang='lat' dir='ltr'>uero</span> <span class='ocrx_word' id='word_1_106' title='bbox 1155 1959 1363 2031; x_wconf 78' lang='lat' dir='ltr'>genae</span> <span class='ocrx_word' id='word_1_107' title='bbox 1398 1931 1637 2007; x_wconf 80' lang='lat' dir='ltr'>labere</span> <span class='ocrx_word' id='word_1_108' title='bbox 1688 1926 1729 1985; x_wconf 66' lang='grc' dir='ltr'>ἆ</span> <span class='ocrx_word' id='word_1_109' title='bbox 1769 1932 2016 2007; x_wconf 84' lang='lat' dir='ltr'>dicam</span> <span class='ocrx_word' id='word_1_110' title='bbox 2040 1989 2063 2026; x_wconf 82' lang='lat'>‚</span> <span class='ocrx_word' id='word_1_111' title='bbox 2118 1959 2270 2006; x_wconf 86' lang='lat' dir='ltr'>non</span> 
     </span>
     <span class='ocr_line' id='line_1_15' title="bbox 140 2050 2270 2155; baseline 0 -31"><span class='ocrx_word' id='word_1_112' title='bbox 140 2050 435 2151; x_wconf 87' lang='lat' dir='ltr'>pelluere</span> <span class='ocrx_word' id='word_1_113' title='bbox 488 2080 717 2155; x_wconf 88' lang='lat' dir='ltr'>neque</span> <span class='ocrx_word' id='word_1_114' title='bbox 772 2053 1145 2148; x_wconf 72' lang='lat' dir='ltr'>collueret,</span> <span class='ocrx_word' id='word_1_115' title='bbox 1214 2063 1638 2128; x_wconf 80' lang='lat' dir='ltr'>uestimenta</span> <span class='ocrx_word' id='word_1_116' title='bbox 1701 2068 1943 2127; x_wconf 80' lang='lat' dir='ltr'>autem</span> <span class='ocrx_word' id='word_1_117' title='bbox 1976 2054 2217 2126; x_wconf 86' lang='lat' dir='ltr'>lauare</span> <span class='ocrx_word' id='word_1_118' title='bbox 2244 2108 2270 2147; x_wconf 78' lang='lat'>‚</span> 
     </span>
     <span class='ocr_line' id='line_1_16' title="bbox 139 2170 2266 2273; baseline 0.001 -31"><span class='ocrx_word' id='word_1_119' title='bbox 139 2188 269 2245; x_wconf 84' lang='lat' dir='ltr'>non</span> <span class='ocrx_word' id='word_1_120' title='bbox 314 2170 547 2247; x_wconf 89' lang='lat' dir='ltr'>lauere</span> <span class='ocrx_word' id='word_1_121' title='bbox 597 2208 616 2245; x_wconf 71' lang='grc' dir='ltr'><strong>ε</strong></span> <span class='ocrx_word' id='word_1_122' title='bbox 670 2171 1009 2246; x_wconf 88' lang='lat' dir='ltr'>sudorem</span> <span class='ocrx_word' id='word_1_123' title='bbox 1072 2198 1293 2271; x_wconf 90' lang='lat' dir='ltr'>porro</span> <span class='ocrx_word' id='word_1_124' title='bbox 1368 2186 1442 2246; x_wconf 79' lang='lat' dir='ltr'>et</span> <span class='ocrx_word' id='word_1_125' title='bbox 1487 2170 1862 2273; x_wconf 88' lang='lat' dir='ltr'>puluerem</span> <span class='ocrx_word' id='word_1_126' title='bbox 1921 2171 2206 2245; x_wconf 75' lang='lat' dir='ltr'>abluere</span> <span class='ocrx_word' id='word_1_127' title='bbox 2241 2226 2266 2265; x_wconf 90' lang='grc'>.,</span> 
     </span>
     <span class='ocr_line' id='line_1_17' title="bbox 138 2288 2392 2389; baseline -0 -28"><span class='ocrx_word' id='word_1_128' title='bbox 138 2316 271 2365; x_wconf 88' lang='lat' dir='ltr'>non</span> <span class='ocrx_word' id='word_1_129' title='bbox 294 2292 581 2385; x_wconf 71' lang='lat' dir='ltr'>leuaret,</span> <span class='ocrx_word' id='word_1_130' title='bbox 626 2291 753 2366; x_wconf 88' lang='lat' dir='ltr'>sed</span> <span class='ocrx_word' id='word_1_131' title='bbox 794 2291 1157 2365; x_wconf 82' lang='lat' dir='ltr'>maculam</span> <span class='ocrx_word' id='word_1_132' title='bbox 1200 2289 1585 2388; x_wconf 83' lang='lat' dir='ltr'>elegantius</span> <span class='ocrx_word' id='word_1_133' title='bbox 1620 2290 1855 2365; x_wconf 87' lang='lat' dir='ltr'>eluere</span> <span class='ocrx_word' id='word_1_134' title='bbox 1879 2316 2098 2389; x_wconf 80' lang='lat' dir='ltr'>quam</span> <span class='ocrx_word' id='word_1_135' title='bbox 2133 2288 2270 2361; x_wconf 83' lang='lat' dir='ltr'>ab-</span> <span class='ocrx_word' id='word_1_136' title='bbox 2381 2294 2392 2304; x_wconf 87' lang='lat'><strong>‘</strong></span> 
     </span>
     <span class='ocr_line' id='line_1_18' title="bbox 140 2387 2272 2513; baseline -0.002 -30"><span class='ocrx_word' id='word_1_137' title='bbox 140 2409 319 2485; x_wconf 88' lang='lat' dir='ltr'>luere</span> <span class='ocrx_word' id='word_1_138' title='bbox 353 2468 372 2484; x_wconf 92' lang='lat'><strong>.</strong></span> <span class='ocrx_word' id='word_1_139' title='bbox 428 2410 685 2513; x_wconf 88' lang='lat' dir='ltr'>Siquid</span> <span class='ocrx_word' id='word_1_140' title='bbox 731 2438 905 2486; x_wconf 87' lang='lat' dir='ltr'>uero</span> <span class='ocrx_word' id='word_1_141' title='bbox 954 2387 1195 2509; x_wconf 47' lang='lat' dir='ltr'>magisx</span> <span class='ocrx_word' id='word_1_142' title='bbox 1234 2410 1493 2486; x_wconf 77' lang='lat' dir='ltr'>heserit</span> <span class='ocrx_word' id='word_1_143' title='bbox 1529 2422 1562 2463; x_wconf 52' lang='grc' dir='ltr'><strong>Φ</strong></span> <span class='ocrx_word' id='word_1_144' title='bbox 1590 2464 1613 2506; x_wconf 79' lang='lat'><strong>‚</strong></span> <span class='ocrx_word' id='word_1_145' title='bbox 1668 2434 1802 2483; x_wconf 87' lang='lat' dir='ltr'>nec</span> <span class='ocrx_word' id='word_1_146' title='bbox 1837 2410 1990 2485; x_wconf 74' lang='lat' dir='ltr'>aine</span> <span class='ocrx_word' id='word_1_147' title='bbox 2026 2407 2272 2508; x_wconf 77' lang='lat' dir='ltr'>aliquo</span> 
     </span>
     <span class='ocr_line' id='line_1_19' title="bbox 140 2518 2268 2635; baseline -0 -33"><span class='ocrx_word' id='word_1_148' title='bbox 140 2528 559 2608; x_wconf 85' lang='lat' dir='ltr'>detrimento</span> <span class='ocrx_word' id='word_1_149' title='bbox 590 2534 783 2631; x_wconf 85' lang='lat' dir='ltr'>exigi</span> <span class='ocrx_word' id='word_1_150' title='bbox 816 2534 1051 2635; x_wconf 86' lang='lat' dir='ltr'>possit</span> <span class='ocrx_word' id='word_1_151' title='bbox 1082 2588 1105 2628; x_wconf 79' lang='lat'>,</span> <span class='ocrx_word' id='word_1_152' title='bbox 1162 2530 1491 2634; x_wconf 87' lang='lat' dir='ltr'>plautino</span> <span class='ocrx_word' id='word_1_153' title='bbox 1522 2532 1748 2607; x_wconf 86' lang='lat' dir='ltr'>uerbo</span> <span class='ocrx_word' id='word_1_154' title='bbox 1787 2530 2060 2607; x_wconf 68' lang='lat' dir='ltr'>elnaem</span> <span class='ocrx_word' id='word_1_155' title='bbox 2093 2518 2268 2602; x_wconf 62' lang='lat' dir='ltr'>sdi-</span> 
     </span>
     <span class='ocr_line' id='line_1_20' title="bbox 146 2652 2268 2754; baseline 0 -32"><span class='ocrx_word' id='word_1_156' title='bbox 146 2676 295 2725; x_wconf 81' lang='lat' dir='ltr'>cam</span> <span class='ocrx_word' id='word_1_157' title='bbox 326 2708 347 2727; x_wconf 90' lang='lat'><strong>.</strong></span> <span class='ocrx_word' id='word_1_158' title='bbox 400 2657 597 2729; x_wconf 89' lang='lat' dir='ltr'>Tum</span> <span class='ocrx_word' id='word_1_159' title='bbox 640 2670 1001 2754; x_wconf 81' lang='lat' dir='ltr'>praeterea</span> <span class='ocrx_word' id='word_1_160' title='bbox 1056 2653 1373 2729; x_wconf 89' lang='lat' dir='ltr'>mulsum</span> <span class='ocrx_word' id='word_1_161' title='bbox 1414 2652 1683 2731; x_wconf 84' lang='lat' dir='ltr'>diluere</span> <span class='ocrx_word' id='word_1_162' title='bbox 1725 2709 1748 2749; x_wconf 91' lang='grc'>.,</span> <span class='ocrx_word' id='word_1_163' title='bbox 1805 2654 2046 2731; x_wconf 76' lang='lat' dir='ltr'>fauces</span> <span class='ocrx_word' id='word_1_164' title='bbox 2086 2676 2268 2752; x_wconf 81' lang='lat' dir='ltr'>pro·-</span> 
     </span>
     <span class='ocr_line' id='line_1_21' title="bbox 142 2768 2270 2875; baseline 0 -34"><span class='ocrx_word' id='word_1_165' title='bbox 142 2768 317 2846; x_wconf 88' lang='lat' dir='ltr'>luere</span> <span class='ocrx_word' id='word_1_166' title='bbox 333 2830 355 2870; x_wconf 83' lang='lat'><strong>‚</strong></span> <span class='ocrx_word' id='word_1_167' title='bbox 382 2773 728 2875; x_wconf 82' lang='lat' dir='ltr'>ungulam</span> <span class='ocrx_word' id='word_1_168' title='bbox 749 2775 1069 2848; x_wconf 87' lang='lat' dir='ltr'>iumento</span> <span class='ocrx_word' id='word_1_169' title='bbox 1096 2772 1421 2847; x_wconf 83' lang='lat' dir='ltr'>subluere</span> <span class='ocrx_word' id='word_1_170' title='bbox 1448 2830 1467 2845; x_wconf 89' lang='lat'><strong>.</strong></span> <span class='ocrx_word' id='word_1_171' title='bbox 1492 2776 1641 2850; x_wconf 81' lang='lat' dir='ltr'>Tot</span> <span class='ocrx_word' id='word_1_172' title='bbox 1660 2773 2018 2873; x_wconf 77' lang='lat' dir='ltr'>exemplis</span> <span class='ocrx_word' id='word_1_173' title='bbox 2043 2792 2270 2845; x_wconf 87' lang='lat' dir='ltr'>unum</span> 
     </span>
     <span class='ocr_line' id='line_1_22' title="bbox 141 2892 2272 2999; baseline -0.004 -31"><span class='ocrx_word' id='word_1_174' title='bbox 141 2892 357 2995; x_wconf 77' lang='lat' dir='ltr'>adque</span> <span class='ocrx_word' id='word_1_175' title='bbox 384 2896 584 2970; x_wconf 83' lang='lat' dir='ltr'>idem</span> <span class='ocrx_word' id='word_1_176' title='bbox 615 2896 922 2969; x_wconf 88' lang='lat' dir='ltr'>uerbum</span> <span class='ocrx_word' id='word_1_177' title='bbox 976 2892 1293 2999; x_wconf 80' lang='lat' dir='ltr'>syllabae</span> <span class='ocrx_word' id='word_1_178' title='bbox 1346 2894 1579 2995; x_wconf 74' lang='lat' dir='ltr'>adque</span> <span class='ocrx_word' id='word_1_179' title='bbox 1616 2894 1896 2967; x_wconf 78' lang='lat' dir='ltr'>litterae</span> <span class='ocrx_word' id='word_1_180' title='bbox 1935 2914 2272 2966; x_wconf 87' lang='lat' dir='ltr'>commu-</span> 
     </span>
     <span class='ocr_line' id='line_1_23' title="bbox 144 2996 2272 3111; baseline -0 -30"><span class='ocrx_word' id='word_1_181' title='bbox 144 3012 409 3089; x_wconf 75' lang='lat' dir='ltr'>tatione·</span> <span class='ocrx_word' id='word_1_182' title='bbox 468 3018 548 3091; x_wconf 88' lang='lat' dir='ltr'>in</span> <span class='ocrx_word' id='word_1_183' title='bbox 629 3020 910 3091; x_wconf 85' lang='lat' dir='ltr'>uarium</span> <span class='ocrx_word' id='word_1_184' title='bbox 962 2996 1271 3090; x_wconf 68' lang='lat' dir='ltr'>moduin</span> <span class='ocrx_word' id='word_1_185' title='bbox 1358 3016 1752 3090; x_wconf 81' lang='lat' dir='ltr'>adcensum</span> <span class='ocrx_word' id='word_1_186' title='bbox 1827 3025 2216 3111; x_wconf 75' lang='lat' dir='ltr'>usurpatur</span> <span class='ocrx_word' id='word_1_187' title='bbox 2252 3038 2272 3080; x_wconf 74' lang='lat' dir='ltr'><em>z</em></span> 
     </span>
     <span class='ocr_line' id='line_1_24' title="bbox 148 3136 2272 3239; baseline -0.002 -32"><span class='ocrx_word' id='word_1_188' title='bbox 148 3144 285 3207; x_wconf 75' lang='lat' dir='ltr'>tam</span> <span class='ocrx_word' id='word_1_189' title='bbox 334 3136 621 3212; x_wconf 83' lang='lat' dir='ltr'>hercule</span> <span class='ocrx_word' id='word_1_190' title='bbox 653 3155 871 3239; x_wconf 77' lang='lat' dir='ltr'>quam</span> <span class='ocrx_word' id='word_1_191' title='bbox 919 3138 1183 3213; x_wconf 80' lang='lat' dir='ltr'>faciem</span> <span class='ocrx_word' id='word_1_192' title='bbox 1220 3140 1756 3219; x_wconf 82' lang='lat' dir='ltr'>medicamento</span> <span class='ocrx_word' id='word_1_193' title='bbox 1788 3136 2003 3211; x_wconf 82' lang='lat' dir='ltr'>litam</span> <span class='ocrx_word' id='word_1_194' title='bbox 2040 3188 2063 3227; x_wconf 91' lang='lat'>.,</span> <span class='ocrx_word' id='word_1_195' title='bbox 2105 3154 2272 3203; x_wconf 85' lang='lat' dir='ltr'>oae-</span> 
     </span>
    </p>
   </div>
   <div class='ocr_carea' id='block_1_3' title="bbox 312 3378 2140 3561">
    <p class='ocr_par' dir='ltr' id='par_1_3' title="bbox 312 3378 2140 3561">
     <span class='ocr_line' id='line_1_25' title="bbox 312 3378 1750 3468; baseline -0.001 -23"><span class='ocrx_word' id='word_1_196' title='bbox 312 3381 346 3410; x_wconf 74' lang='lat'><em>*</em></span> <span class='ocrx_word' id='word_1_197' title='bbox 392 3381 493 3445; x_wconf 88' lang='lat' dir='ltr'>M.</span> <span class='ocrx_word' id='word_1_198' title='bbox 543 3380 643 3445; x_wconf 88' lang='lat' dir='ltr'>De</span> <span class='ocrx_word' id='word_1_199' title='bbox 688 3378 1053 3446; x_wconf 84' lang='lat' dir='ltr'>uerborum</span> <span class='ocrx_word' id='word_1_200' title='bbox 1098 3378 1609 3468; x_wconf 74' lang='lat' dir='ltr'>proprietatibus</span> <span class='ocrx_word' id='word_1_201' title='bbox 1638 3426 1656 3444; x_wconf 84' lang='lat'><strong>.</strong></span> <span class='ocrx_word' id='word_1_202' title='bbox 1739 3426 1750 3437; x_wconf 67' lang='grc'><strong><em>,</em></strong></span> 
     </span>
     <span class='ocr_line' id='line_1_26' title="bbox 318 3463 2140 3561; baseline -0.004 -24"><span class='ocrx_word' id='word_1_203' title='bbox 318 3471 352 3500; x_wconf 74' lang='lat'>⁴*</span> <span class='ocrx_word' id='word_1_204' title='bbox 395 3472 499 3537; x_wconf 77' lang='grc' dir='ltr'>Μ’.</span> <span class='ocrx_word' id='word_1_205' title='bbox 548 3466 846 3537; x_wconf 87' lang='lat' dir='ltr'>Multum</span> <span class='ocrx_word' id='word_1_206' title='bbox 890 3468 1115 3537; x_wconf 85' lang='lat' dir='ltr'>differt</span> <span class='ocrx_word' id='word_1_207' title='bbox 1158 3472 1353 3539; x_wconf 82' lang='lat' dir='ltr'>unius</span> <span class='ocrx_word' id='word_1_208' title='bbox 1400 3466 1698 3561; x_wconf 78' lang='lat' dir='ltr'>syllabae</span> <span class='ocrx_word' id='word_1_209' title='bbox 1746 3463 2140 3535; x_wconf 83' lang='lat' dir='ltr'>discrimen.</span> 
     </span>
    </p>
   </div>
   <div class='ocr_carea' id='block_1_4' title="bbox 151 3709 2293 3865">
    <p class='ocr_par' dir='ltr' id='par_1_4' title="bbox 151 3709 2293 3865">
     <span class='ocr_line' id='line_1_27' title="bbox 212 3709 2284 3779; baseline -0.002 -15"><span class='ocrx_word' id='word_1_210' title='bbox 212 3732 245 3764; x_wconf 76' lang='lat' dir='ltr'>a</span> <span class='ocrx_word' id='word_1_211' title='bbox 274 3713 397 3763; x_wconf 77' lang='lat' dir='ltr'><strong>eod.</strong></span> <span class='ocrx_word' id='word_1_212' title='bbox 436 3713 569 3773; x_wconf 61' lang='grc' dir='ltr'>εἶπες</span> <span class='ocrx_word' id='word_1_213' title='bbox 605 3728 713 3765; x_wconf 76' lang='lat' dir='ltr'>tum</span> <span class='ocrx_word' id='word_1_214' title='bbox 745 3728 992 3779; x_wconf 72' lang='lat' dir='ltr'>expuncta</span> <span class='ocrx_word' id='word_1_215' title='bbox 1028 3730 1103 3763; x_wconf 78' lang='lat' dir='ltr'>n.</span> <span class='ocrx_word' id='word_1_216' title='bbox 1176 3711 1208 3763; x_wconf 74' lang='lat' dir='ltr'><em>b</em></span> <span class='ocrx_word' id='word_1_217' title='bbox 1244 3714 1321 3763; x_wconf 74' lang='lat' dir='ltr'>Ita</span> <span class='ocrx_word' id='word_1_218' title='bbox 1358 3710 1468 3759; x_wconf 84' lang='lat' dir='ltr'>cod.</span> <span class='ocrx_word' id='word_1_219' title='bbox 1522 3726 1571 3758; x_wconf 67' lang='grc' dir='ltr'>ιι.</span> <span class='ocrx_word' id='word_1_220' title='bbox 1602 3725 1786 3771; x_wconf 73' lang='lat' dir='ltr'>nan-13</span> <span class='ocrx_word' id='word_1_221' title='bbox 1830 3722 1882 3759; x_wconf 77' lang='lat' dir='ltr'>at</span> <span class='ocrx_word' id='word_1_222' title='bbox 1931 3724 1978 3759; x_wconf 84' lang='lat'>1.</span> <span class='ocrx_word' id='word_1_223' title='bbox 2015 3709 2284 3765; x_wconf 62' lang='lat' dir='ltr'>deumne.</span> 
     </span>
     <span class='ocr_line' id='line_1_28' title="bbox 151 3780 2293 3865; baseline 0.001 -34"><span class='ocrx_word' id='word_1_224' title='bbox 151 3798 179 3831; x_wconf 84' lang='lat' dir='ltr'>c</span> <span class='ocrx_word' id='word_1_225' title='bbox 211 3792 269 3835; x_wconf 75' lang='lat' dir='ltr'>Os</span> <span class='ocrx_word' id='word_1_226' title='bbox 299 3784 644 3851; x_wconf 67' lang='lat' dir='ltr'>cupa-additur</span> <span class='ocrx_word' id='word_1_227' title='bbox 676 3798 725 3830; x_wconf 85' lang='lat'>2.</span> <span class='ocrx_word' id='word_1_228' title='bbox 755 3802 909 3835; x_wconf 79' lang='lat' dir='ltr'>manu</span> <span class='ocrx_word' id='word_1_229' title='bbox 931 3818 945 3832; x_wconf 91' lang='lat'><strong>.</strong></span> <span class='ocrx_word' id='word_1_230' title='bbox 1016 3782 1053 3832; x_wconf 77' lang='lat' dir='ltr'><em>d</em></span> <span class='ocrx_word' id='word_1_231' title='bbox 1092 3784 1167 3833; x_wconf 78' lang='lat' dir='ltr'>Ita</span> <span class='ocrx_word' id='word_1_232' title='bbox 1202 3783 1312 3833; x_wconf 82' lang='lat' dir='ltr'>cod.</span> <span class='ocrx_word' id='word_1_233' title='bbox 1366 3798 1409 3831; x_wconf 88' lang='lat'>1.</span> <span class='ocrx_word' id='word_1_234' title='bbox 1452 3796 1605 3831; x_wconf 80' lang='lat' dir='ltr'>mann</span> <span class='ocrx_word' id='word_1_235' title='bbox 1636 3797 1731 3848; x_wconf 77' lang='lat' dir='ltr'>pro</span> <span class='ocrx_word' id='word_1_236' title='bbox 1775 3780 1986 3842; x_wconf 78' lang='lat' dir='ltr'>lauere3</span> <span class='ocrx_word' id='word_1_237' title='bbox 2023 3798 2078 3841; x_wconf 65' lang='lat' dir='ltr'>at,</span> <span class='ocrx_word' id='word_1_238' title='bbox 2119 3799 2170 3831; x_wconf 81' lang='lat'>2.</span> <span class='ocrx_word' id='word_1_239' title='bbox 2202 3782 2293 3865; x_wconf 45' lang='lat' dir='ltr'>las-</span> 
     </span>
    </p>
   </div>
   <div class='ocr_carea' id='block_1_5' title="bbox 153 3850 1497 3927">
    <p class='ocr_par' dir='ltr' id='par_1_5' title="bbox 153 3850 1497 3927">
     <span class='ocr_line' id='line_1_29' title="bbox 153 3850 1497 3927; baseline 0 -24"><span class='ocrx_word' id='word_1_240' title='bbox 153 3850 259 3903; x_wconf 61' lang='lat' dir='ltr'>bare</span> <span class='ocrx_word' id='word_1_241' title='bbox 292 3873 379 3925; x_wconf 75' lang='lat' dir='ltr'>pro</span> <span class='ocrx_word' id='word_1_242' title='bbox 410 3856 621 3907; x_wconf 60' lang='lat' dir='ltr'>lactare.</span> <span class='ocrx_word' id='word_1_243' title='bbox 688 3872 717 3904; x_wconf 80' lang='lat' dir='ltr'>e</span> <span class='ocrx_word' id='word_1_244' title='bbox 752 3858 829 3907; x_wconf 78' lang='lat' dir='ltr'>lta</span> <span class='ocrx_word' id='word_1_245' title='bbox 872 3854 984 3906; x_wconf 82' lang='lat' dir='ltr'>cod.</span> <span class='ocrx_word' id='word_1_246' title='bbox 1022 3857 1123 3907; x_wconf 70' lang='lat' dir='ltr'>sine</span> <span class='ocrx_word' id='word_1_247' title='bbox 1154 3852 1497 3927; x_wconf 74' lang='lat' dir='ltr'>diphthongo.</span> 
     </span>
    </p>
   </div>
   <div class='ocr_carea' id='block_1_6' title="bbox 156 4022 2297 4307">
    <p class='ocr_par' dir='ltr' id='par_1_6' title="bbox 156 4022 2297 4307">
     <span class='ocr_line' id='line_1_30' title="bbox 238 4022 2290 4125; baseline -0.001 -22"><span class='ocrx_word' id='word_1_248' title='bbox 238 4068 259 4103; x_wconf 83' lang='grc' dir='ltr'>ι</span> <span class='ocrx_word' id='word_1_249' title='bbox 304 4048 528 4109; x_wconf 81' lang='lat' dir='ltr'>Asinar.</span> <span class='ocrx_word' id='word_1_250' title='bbox 580 4052 627 4107; x_wconf 89' lang='lat'>1.</span> <span class='ocrx_word' id='word_1_251' title='bbox 664 4070 719 4109; x_wconf 66' lang='grc' dir='ltr'>α.</span> <span class='ocrx_word' id='word_1_252' title='bbox 760 4068 817 4125; x_wconf 85' lang='lat'>9.</span> <span class='ocrx_word' id='word_1_253' title='bbox 854 4054 1013 4109; x_wconf 77' lang='lat' dir='ltr'>elam·</span> <span class='ocrx_word' id='word_1_254' title='bbox 1060 4052 1172 4109; x_wconf 77' lang='lat' dir='ltr'>bo-</span> <span class='ocrx_word' id='word_1_255' title='bbox 1250 4044 1473 4109; x_wconf 81' lang='lat' dir='ltr'>scilicet</span> <span class='ocrx_word' id='word_1_256' title='bbox 1523 4045 1766 4105; x_wconf 87' lang='lat' dir='ltr'>uerbum</span> <span class='ocrx_word' id='word_1_257' title='bbox 1808 4042 1928 4100; x_wconf 87' lang='lat' dir='ltr'>hoc</span> <span class='ocrx_word' id='word_1_258' title='bbox 1977 4022 2062 4101; x_wconf 53' lang='lat' dir='ltr'>esi</span> <span class='ocrx_word' id='word_1_259' title='bbox 2117 4042 2290 4101; x_wconf 73' lang='lat' dir='ltr'>etiam</span> 
     </span>
     <span class='ocr_line' id='line_1_31' title="bbox 156 4126 2297 4212; baseline -0.001 -24"><span class='ocrx_word' id='word_1_260' title='bbox 156 4134 245 4188; x_wconf 81' lang='lat' dir='ltr'>m&#39;s</span> <span class='ocrx_word' id='word_1_261' title='bbox 278 4170 293 4187; x_wconf 89' lang='lat'><strong>.</strong></span> <span class='ocrx_word' id='word_1_262' title='bbox 353 4134 567 4191; x_wconf 79' lang='lat' dir='ltr'>Confer</span> <span class='ocrx_word' id='word_1_263' title='bbox 600 4132 773 4191; x_wconf 76' lang='lat' dir='ltr'>etiam</span> <span class='ocrx_word' id='word_1_264' title='bbox 824 4136 953 4191; x_wconf 88' lang='lat' dir='ltr'>rud.</span> <span class='ocrx_word' id='word_1_265' title='bbox 991 4134 1064 4190; x_wconf 93' lang='lat'>11.</span> <span class='ocrx_word' id='word_1_266' title='bbox 1112 4156 1169 4212; x_wconf 85' lang='lat'>7.</span> <span class='ocrx_word' id='word_1_267' title='bbox 1252 4130 1312 4187; x_wconf 87' lang='lat' dir='ltr'>in</span> <span class='ocrx_word' id='word_1_268' title='bbox 1375 4128 1608 4205; x_wconf 77' lang='lat' dir='ltr'>uulgari</span> <span class='ocrx_word' id='word_1_269' title='bbox 1672 4126 1962 4189; x_wconf 85' lang='lat' dir='ltr'>hodierno</span> <span class='ocrx_word' id='word_1_270' title='bbox 2011 4126 2297 4197; x_wconf 64' lang='lat' dir='ltr'>Italorum</span> 
     </span>
     <span class='ocr_line' id='line_1_32' title="bbox 158 4212 1555 4307; baseline 0.001 -38"><span class='ocrx_word' id='word_1_271' title='bbox 158 4230 247 4281; x_wconf 59' lang='grc' dir='ltr'>αις</span> <span class='ocrx_word' id='word_1_272' title='bbox 274 4212 508 4274; x_wconf 77' lang='lat' dir='ltr'>trinum.</span> <span class='ocrx_word' id='word_1_273' title='bbox 528 4219 605 4277; x_wconf 84' lang='lat'>11.</span> <span class='ocrx_word' id='word_1_274' title='bbox 628 4222 686 4290; x_wconf 68' lang='grc'>4.</span> <span class='ocrx_word' id='word_1_275' title='bbox 707 4214 763 4307; x_wconf 93' lang='grc'>5.</span> <span class='ocrx_word' id='word_1_276' title='bbox 788 4218 1175 4277; x_wconf 82' lang='lat' dir='ltr'>Decoctorum</span> <span class='ocrx_word' id='word_1_277' title='bbox 1225 4232 1555 4274; x_wconf 77' lang='lat' dir='ltr'>.sermone.</span> 
     </span>
    </p>
   </div>
   <div class='ocr_carea' id='block_1_7' title="bbox 257 4333 1659 4425">
    <p class='ocr_par' dir='ltr' id='par_1_7' title="bbox 257 4333 1659 4425">
     <span class='ocr_line' id='line_1_33' title="bbox 257 4333 1659 4425; baseline -0.004 0"><span class='ocrx_word' id='word_1_278' title='bbox 257 4346 434 4425; x_wconf 79' lang='lat' dir='ltr'>Vol.</span> <span class='ocrx_word' id='word_1_279' title='bbox 470 4350 543 4425; x_wconf 91' lang='lat' dir='ltr'>I.</span> <span class='ocrx_word' id='word_1_280' title='bbox 1059 4333 1071 4350; x_wconf 82' lang='grc'><em>’</em></span> <span class='ocrx_word' id='word_1_281' title='bbox 1615 4368 1659 4405; x_wconf 79' lang='lat'>⁶⁷</span> 
     </span>
    </p>
   </div>
   <div class='ocr_carea' id='block_1_8' title="bbox 1622 4410 1649 4447">
    <p class='ocr_par' dir='ltr' id='par_1_8' title="bbox 1622 4410 1649 4447">
     <span class='ocr_line' id='line_1_34' title="bbox 1622 4410 1649 4447; baseline 0 0"><span class='ocrx_word' id='word_1_282' title='bbox 1622 4410 1649 4447; x_wconf 84' lang='grc' dir='ltr'><strong><em>Ι</em></strong></span> 
     </span>
    </p>
   </div>
  </div>
 </body>
</html>
