3384 5134
2198 348 2225 387 Ι

1068 460 1229 555 214
1864 460 1979 532 n‘t
2066 480 2429 531 renus

1071 604 1140 663 ta
1163 580 1443 657 somnia
1477 601 1781 651 amoena
1813 628 1835 671 ‚
1894 591 1973 648 ut
2010 600 2155 675 quo
2210 574 2453 648 studio
2506 572 2809 673 quisque
2846 570 3229 647 deuinctus

1071 720 1254 783 esset
1293 738 1312 772 ε
1366 718 1448 776 ut
1481 700 1911 773 histrionem
1944 697 2019 767 in
2050 696 2351 769 somniis
2390 694 2628 767 fautor
2674 707 3037 794 spectaret
3064 748 3088 788 ‚
3140 706 3227 765 ut

1069 826 1444 900 tibicinem
1497 818 1775 893 audiret
1800 872 1821 911 .‚
1880 831 1963 889 ut
2011 815 2297 911 aurigae
2340 813 2634 911 agitanti
2668 826 2699 861 ⁸
2732 825 3167 885 monstraret
3204 844 3225 881 e

1070 946 1341 1021 milites
1391 940 1679 1015 somnio
1714 930 1751 985 b
1784 936 2189 1022 uincerent,
2245 936 2717 1035 imperatores
2760 935 3051 1007 somnio
3084 935 3224 1007 tri-

1055 1062 1547 1165 umpharent,
1583 1054 2111 1156 peregrinantes
2164 1054 2450 1127 somnio
2506 1052 2815 1126 domum
2866 1052 3220 1125 redirent.

1071 1186 1180 1259 Ea
1206 1180 1482 1255 somnia
1505 1176 1934 1275 plerumque
1960 1174 2053 1247 ad
2090 1200 2346 1247 uerum
2376 1188 2406 1223 ⁰
2434 1176 2865 1247 conuertunt
2890 1230 2911 1245 .
2940 1176 3169 1271 Igitur
3188 1228 3217 1265 ‚

1076 1304 1320 1376 Marce
1347 1355 1369 1393 7
1407 1300 1616 1397 siquo
1648 1294 1783 1367 tibi
1808 1296 2094 1369 somnio
2120 1296 2289 1368 hinc
2326 1320 2511 1396 opus
2544 1310 2677 1389 est,
2706 1319 2963 1369 censeo
2998 1294 3225 1367 libens

1081 1418 1402 1494 dormias
1443 1414 1793 1515 tantisper
1821 1411 2000 1487 dum
2054 1414 2257 1515 quod
2286 1416 2497 1515 cupis
2540 1440 2821 1519 quaque
2851 1405 2893 1461 d
2922 1426 3223 1512 exoptas

1077 1538 1398 1638 uigilanti
1431 1535 1564 1610 tibi
1593 1533 1921 1637 optingat
1940 1588 1961 1607 .

1523 1800 1694 1851 1111.
1746 1798 2131 1852 mAGano
2193 1801 2347 1851 uto
2400 1800 2779 1851 suarum.

1289 2020 1514 2093 Mono
1565 2018 1805 2119 recepi
1860 2015 2241 2117 epistulam
2289 2030 2493 2091 tuam
2546 2072 2573 2111 ‚
2628 2042 2769 2117 qua
2830 2015 3221 2089 confestim

1078 2140 1272 2215 fruar
1311 2195 1331 2210 .
1387 2141 1454 2212 N
1461 2164 1598 2211 unc
1633 2140 1829 2212 enim
1864 2136 2339 2211 imminebant
2394 2137 2633 2211 officia
2682 2142 3169 2234 δυσπιμίτητα
3200 2188 3219 2205 .

1081 2262 1381 2337 Interim
1426 2259 1623 2362 quod
1657 2260 1861 2359 cupis
1881 2314 1902 2351 .,
1934 2260 2038 2331 mi
2066 2260 2393 2358 magister
2419 2316 2441 2355 .,
2480 2259 2788 2332 breuiter
2823 2313 2845 2347 ‚
2878 2276 2961 2329 ut
2990 2282 3219 2330 occu-

1078 2398 1294 2485 patus
1319 2437 1341 2476 ,
1400 2376 1775 2480 paruolum
1816 2380 2068 2452 nuntio
2122 2394 2441 2459 nostram
2479 2391 2499 2428 ¹
2530 2378 2783 2453 melius
2821 2377 3101 2470 ualere,
3152 2391 3223 2449 et

1083 2500 1268 2575 intra
1309 2494 1728 2571 cubiculum
1761 2496 2155 2570 discurrere
2177 2552 2194 2568 .

1294 2618 1600 2693 Dictatis
1622 2619 1772 2710 his,
1820 2616 1955 2715 legi
1988 2612 2259 2692 litteras
2286 2614 2613 2692 alsiensoe
2646 2641 2811 2691 meo
2848 2632 3219 2717 tempore,

1091 2735 1200 2812 mi
1245 2742 1622 2834 magister,
1678 2760 1849 2811 cum
1897 2736 2015 2811 alii
2042 2754 2409 2833 cenarem,
2463 2765 2596 2836 ego
2648 2740 2989 2813 cubat-em
3032 2740 3225 2813 tenni

1092 2860 1261 2932 cibo
1293 2872 1667 2932 contentus
1692 2857 1869 2931 hora
1904 2859 2138 2931 noctis
2168 2859 2513 2933 secunda.
2548 2859 2853 2933 Multum
2870 2872 2931 2953 ²,
2958 2861 3224 2959 inquis,

1093 2978 1596 3052 cohortatione
1631 3004 1828 3050 mea=
1854 2977 2165 3051 multum
2195 3036 2219 3071 .,
2248 2980 2351 3053 mi
2376 2982 2743 3079 magistet-3
2782 3006 2951 3053 nam
2986 2981 3227 3053 uerbis

1101 3100 1246 3172 tuis
1305 3098 1634 3198 adquieui
1667 3154 1694 3193 ‚
1742 3101 2105 3199 saepiusqe
2139 3099 2425 3201 legam,
2462 3116 2545 3175 ut
2596 3105 2873 3203 saepius
2924 3100 3227 3201 adquie-

1103 3240 1306 3290 scam
1333 3272 1352 3289 .
1387 3218 1721 3291 Ceterum
1759 3219 2180 3293 uerecundia
2212 3222 2431 3294 officii
2464 3245 2681 3320 quam
2730 3220 2825 3294 sit
2856 3246 2967 3293 nes
2999 3223 3233 3320 impe·

1091 3331 1295 3410 *riosa
1321 3392 1346 3430 .‚
1399 3338 1559 3438 quis
1595 3350 1661 3411 te
1699 3339 1919 3436 magis
1958 3334 2213 3415 norit?
2244 3340 2381 3413 Sed
2406 3399 2428 3436 ‚
2486 3366 2619 3413 oro
2654 3354 2721 3413 te
2758 3396 2781 3435 .,
2826 3340 3013 3415 illud
3056 3338 3229 3446 quid

1096 3467 1216 3528 est
1244 3509 1265 3548 ‚
1299 3453 1496 3555 quod
1529 3457 1600 3528 in
1651 3458 1785 3529 fine
1819 3457 2165 3558 epistulae
2212 3484 2509 3533 manum
2564 3458 3009 3534 consuluisse
3048 3475 3087 3511 e
3114 3462 3229 3535 di-

1166 3671 1204 3703 a
1237 3652 1358 3705 eod.
1395 3656 1630 3723 agitandi
1650 3697 1665 3710 .
1736 3656 1767 3709 b
1807 3657 1927 3709 Cod.
1958 3676 2159 3720 somno,
2199 3660 2279 3711 ted
2317 3662 2367 3711 in
2408 3679 2540 3731 oeqq.
2576 3664 2765 3713 somnio
2784 3699 2799 3713 .
2864 3678 2895 3711 c
2948 3662 3081 3715 Cod.
3133 3665 3227 3715 ud-

1095 3726 1295 3775 uersum
1321 3762 1333 3773 .
1401 3726 1438 3774 d
1477 3726 1552 3776 Ita
1589 3727 1699 3780 cod.
1730 3745 1777 3780 ο.
1814 3746 2004 3789 manu3
2038 3746 2087 3781 at
2124 3746 2162 3782 1.
2201 3750 2425 3801 qumque
2450 3770 2463 3783 .
2532 3748 2559 3780 e
2606 3732 2727 3783 eod.
2754 3730 3089 3783 consuluisse.
3138 3738 3227 3786 Etsi

1100 3813 1264 3845 nutem
1301 3798 1414 3846 licet
1451 3794 1606 3849 dicere
1639 3813 1845 3849 manum
1881 3801 2169 3852 ronsttbcisse
2188 3836 2200 3858 ‚
2238 3817 2396 3852 tamen
2441 3805 2490 3852 in
2528 3803 2745 3853 clausula
2780 3804 3012 3870 epistulae
3056 3818 3227 3855 seeun-

1101 3866 1192 3914 dae
1233 3865 1292 3917 de
1329 3882 1446 3915 orat.
1491 3868 1605 3919 dicit
1635 3874 1813 3921 Fronto
1846 3870 2016 3939 digitis
2058 3870 2281 3922 corma-'zu‘
2298 3912 2309 3923 .
2348 3876 2517 3941 Neque
2556 3892 2718 3926 tamen
2756 3876 3017 3943 quiequam
3060 3880 3227 3943 suspi-

1093 3952 1233 4005 cetur
1265 3937 1528 3991 chmulm
1563 3942 1701 3993 illam
1742 3942 1803 3993 de
1836 3959 1959 3995 orat.
1998 3944 2238 4011 pertinere
2268 3940 2469 3995 fortene
2488 3945 2553 3997 ad
2589 3942 2740 3997 finem
2776 3948 2945 3999 tertiae
2981 3946 3228 4009 titiensiu

1097 4162 1106 4171 .
1174 4142 1196 4177 ι
1245 4124 1456 4179 Confer
1488 4126 1676 4184 adm.
1702 4116 1863 4184 F'aes.
1902 4131 1976 4189 V.
2008 4133 2103 4201 24,
2230 4176 2237 4185 .
2268 4150 2303 4186 a
2354 4130 2575 4207 Nempe
2630 4131 2800 4189 cubes
2829 4171 2847 4186 .
2910 4134 3047 4193 Mox
3088 4132 3223 4191 item

1079 4218 1190 4263 nec
1207 4222 1321 4265 non
1339 4206 1588 4284 primam
1609 4208 1939 4279 alsiensem.
2102 4214 2121 4221 ”
2184 4210 2650 4291 subintelligitur
2680 4214 2899 4274 cubabo
2916 4254 2935 4271 .
2951 4258 2967 4279 ,ς
