3384 5134
1866 354 1889 387 Ι

799 498 918 543 nn
1007 492 1705 570 1:¹20QUEN2T1A
2178 492 2334 565 229

184 586 546 667 celebrata
605 644 632 687 0,
687 592 834 665 hoc
917 592 1378 692 potissimum
1439 580 1733 679 saeculo
1806 588 2275 664 conticiscere
2300 584 2345 665 ἰ’

182 716 462 789 Orbem
517 729 744 788 terrae
771 768 795 808 ‚
861 740 1078 815 quem
1131 713 1470 793 uocalem
1501 712 1864 813 acceperis
1892 766 1916 806 ‚
1956 716 2265 785 'mutum
2300 718 2333 761 θ

171 864 214 909 a
264 851 334 909 te
371 836 524 911 fieri
548 828 590 907 ?
623 835 698 907 Si
733 832 1053 932 linguam
1092 835 1254 935 quis
1297 836 1418 907 uni
1465 835 1751 910 homini
1780 849 2063 908 exsecet
2103 889 2127 928 ‚
2182 834 2340 905 im-

171 956 410 1031 manis
443 954 792 1029 habeatur
830 984 854 1050 .·,
911 953 1397 1057 eloquentiam
1431 948 1470 1005 b
1503 957 1835 1029 humano·
1878 956 2111 1054 generi
2144 980 2345 1029 exse-

173 1076 327 1148 car-i
377 1074 744 1151 mediocre
816 1074 1092 1149 facinus
1125 1086 1339 1176 putas
1368 1067 1410 1149 ’.Ρ
1463 1075 1629 1149 Non
1677 1074 1873 1147 hunc
1914 1074 2343 1147 adnumeres

179 1196 414 1268 Tereo
453 1208 578 1267 aut
614 1196 950 1293 Lycurgo
986 1186 1028 1267 ?
1066 1194 1191 1294 qui
1231 1196 1603 1293 Lycurgus
1637 1192 1814 1293 qnid
1842 1192 2135 1267 tandem
2172 1188 2349 1266 mali

173 1312 520 1387 facinoris
541 1314 842 1387 admisit
873 1340 1100 1415 quom
1123 1326 1152 1362 c
1177 1315 1364 1388 uites
1387 1315 1803 1415 amputauit
1826 1306 1868 1387 ?
1900 1309 2149 1389 Multis
2178 1339 2355 1416 pro-

169 1436 366 1509 fecto
402 1434 728 1533 gentihus
759 1459 842 1508 ac
875 1436 1292 1509 nationibus
1317 1438 1709 1539 profuisset
1746 1433 1998 1511 uinum
2024 1436 2347 1537 undique

173 1556 498 1654 gentium
527 1556 1082 1629 exterminatum
1117 1610 1136 1627 .
1162 1558 1434 1629 Tamen
1475 1559 1849 1657 Lycurgus
1885 1552 2155 1666 poenas
2188 1580 2350 1628 cae·-

175 1702 422 1751 sarum
461 1675 724 1755 uitium
753 1667 892 1748 luit
919 1730 938 1745 .
967 1676 1202 1767 Quare
1225 1676 1683 1750 metuendam
1716 1702 1973 1751 censeo
2000 1674 2345 1751 diuinitus

171 1824 490 1901 poenam
523 1796 968 1899 eloquentiae
990 1800 1498 1873 exterminatae
1529 1856 1548 1871 .
1574 1800 1767 1874 Nam
1795 1800 1997 1875 uinea
2025 1800 2099 1873 in
2135 1798 2350 1871 nnius

174 1918 396 1993 tutela
433 1917 550 1991 dei
581 1919 712 1993 sita
755 1950 776 2013 .·,
835 1918 1318 2019 eloquentiam
1361 1947 1536 1996 uero
1574 1920 1791 1994 multi
1822 1922 1899 1994 in
1940 1913 2139 1993 caelo
2172 1916 2351 1992 dili·

177 2053 354 2139 gunt
389 2074 410 2112 ε
437 2042 754 2115 Minerua
791 2042 1140 2116 orationis
1175 2042 1508 2140 magistra
1535 2092 1560 2137 ‚
1611 2041 2007 2115 Mercurius
2075 2040 2345 2113 nuntiis

171 2158 572 2261 praeditus,
601 2158 876 2261 Apollo
901 2184 1256 2261 paeanum
1282 2175 1564 2256 auctor,
1595 2161 1818 2233 Liber
1839 2160 2351 2260 dithyrambo-

173 2306 345 2355 rum
369 2280 792 2377 cognitor,F
795 2280 961 2353 anni
985 2281 1536 2355 uaticinantium
1560 2280 2351 2379 incitatore8‚magistra

173 2401 480 2474 Homeri
509 2400 864 2501 Calliope,
895 2402 1230 2499 magister
1256 2400 1448 2473 Enni
1477 2402 1848 2476 Homerus
1874 2414 1953 2474 et
1974 2424 2274 2474 somnus
2294 2410 2347 2471 ¹.

173 2523 374 2595 Tum
407 2520 468 2593 si
497 2520 822 2595 studium
842 2518 1342 2621 philosophiae
1367 2520 1443 2591 in
1465 2519 1679 2613 rebus
1704 2536 1897 2611 esset
1918 2518 2094 2592 solis
2119 2542 2346 2592 occu·

172 2656 436 2743 patum
463 2696 488 2736 ‚
531 2641 774 2713 minus
809 2640 1110 2714 mirarer
1141 2641 1343 2741 quod
1375 2656 1578 2715 tanto
1605 2665 1823 2742 opere
1846 2640 2069 2733 uerba
2092 2652 2345 2712 conte-

169 2782 458 2833 mneres
497 2814 516 2830 .
551 2759 844 2832 Discere
884 2774 1124 2833 autem
1152 2760 1496 2835 ceratinas
1532 2774 1608 2833 et
1644 2760 1911 2834 soritas
1944 2772 2017 2832 et
2036 2756 2352 2858 pseudo·

169 2903 434 2953 menus
459 2892 492 2929 2
516 2935 541 2975 .‚
586 2880 806 2953 uerba
835 2892 1168 2954 contorta
1193 2895 1267 2955 et
1291 2879 1753 2966 fidiculariaz
1784 2878 2140 2977 neglegere
2174 2902 2349 2952 uero

172 2999 458 3074 cultum
483 3000 834 3074 orationis
860 3014 932 3073 et
945 3000 1360 3099 grauitatem
1387 3017 1462 3076 et
1481 3004 1931 3078 maiestatem
1954 3013 2029 3073 et
2044 2996 2348 3097 gratiam

165 3140 248 3199 et
283 3124 600 3195 nitorem
625 3176 650 3216 .,
685 3123 831 3195 hoc
859 3120 1128 3195 indicat
1163 3122 1366 3223 loqui
1402 3138 1472 3197 te
1525 3148 1749 3223 quam
1782 3122 2028 3224 eloqui
2058 3117 2281 3195 malle
2314 3168 2343 3211 ‚

181 3266 642 3316 murmurare
686 3243 934 3343 potius
965 3258 1038 3335 et
1077 3242 1428 3341 friguttire
1463 3268 1682 3344 quam
1724 3244 2043 3342 clangere
2083 3294 2101 3313 .
2162 3240 2373 3312 Dio-·

173 3361 348 3437 dori
385 3376 466 3433 tu
481 3376 556 3434 et
581 3361 864 3435 Alexini
889 3352 926 3411 3
945 3361 1162 3435 uerba
1193 3363 1431 3437 uerbis
1449 3364 1774 3439 Platonis
1797 3378 1869 3439 et
1893 3358 2345 3461 Xenophon·-

179 3480 276 3555 tis
297 3497 372 3556 et
393 3482 838 3555 Antisthenis
859 3478 896 3543 4
919 3484 1296 3583 anteponis
1314 3476 1356 3558 ’ἶ
1379 3487 1490 3559 Ut
1522 3486 1745 3587 siquis
1769 3486 2101 3560 histrioni
2127 3476 2163 3533 ἃ
2190 3495 2345 3555 stu·

175 3600 453 3699 diosus,
481 3604 780 3677 Tasunci
805 3612 834 3653 Θ
857 3613 1058 3703 gestu
1082 3602 1322 3705 potius
1354 3604 1843 3707 quamsRoscii
1870 3618 2187 3681 uteretur
2207 3636 2226 3674 ε
2259 3610 2345 3675 ut

253 3754 296 3786 a
330 3736 453 3786 God.
497 3746 724 3786 mutuum
749 3769 764 3784 .
834 3735 864 3786 b
900 3736 1118 3789 schedae
1162 3734 1444 3805 eloqnenu'a
1481 3776 1496 3791 .
1564 3756 1594 3789 c
1629 3740 1755 3791 Coti.
1812 3757 1965 3810 quam
1986 3774 2001 3789 .
2059 3738 2235 3790 necate
2289 3754 2343 3802 p.

185 3808 306 3857 160.
354 3826 404 3859 n.
451 3826 494 3857 a.
563 3807 602 3856 d
639 3808 714 3857 Ita
769 3808 884 3858 cod.
928 3808 1022 3859 Sed
1065 3823 1194 3863 recte
1249 3810 1432 3859 scribe·
1474 3808 1767 3863 histrionice
1788 3846 1801 3859 .
1840 3812 2187 3863 Verumtamen
2222 3824 2345 3858 con-

173 3876 250 3930 fier
295 3878 524 3929 Plantam
578 3876 684 3929 mil.
732 3880 836 3929 111.
879 3894 922 3928 1.
961 3894 1076 3945 207.
1148 3890 1176 3929 e
1210 3880 1296 3929 lte
1337 3880 1446 3930 cod.
1485 3884 1717 3933 Ceterum
1754 3882 2010 3955 Penta-gu·
2058 3877 2155 3931 fuit
2188 3880 2347 3930 maluo

177 3944 482 4008 comoedus,
527 3944 642 3999 licet
679 3949 840 3999 Roscii
877 3946 1147 4017 discipulu-
1169 3986 1184 3999 .
1223 3952 1327 4004 Cic.
1377 3968 1470 4019 pro
1509 3952 1624 4005 Ros.
1669 3970 1722 4008 x.
1760 3972 1835 4007 11.

271 4084 296 4119 ι
347 4062 565 4121 Confer
603 4062 682 4119 ad
725 4066 824 4121 M.
867 4066 1029 4121 Caes.
1071 4064 1117 4121 l.
1157 4064 1210 4123 3.
1299 4070 1419 4135 24,
1466 4066 1542 4124 ad
1584 4068 1720 4125 fam.
1778 4088 1951 4127 vnn.
1994 4068 2073 4134 4,
2122 4056 2337 4121 Euseb-

265 4165 302 4202 α
347 4146 504 4221 Lege
521 4145 930 4219 Hieronymum
951 4147 1028 4203 ad
1047 4146 1222 4204 Amo·
1301 4168 1502 4227 praep.
1540 4171 1628 4207 eu.
1685 4169 1789 4209 xv.
1829 4172 1885 4209 α.
2270 4178 2275 4185 ·

179 4246 310 4286 sum
347 4226 392 4282 Ι.
427 4248 477 4284 ι.
513 4225 588 4295 5,
626 4228 776 4285 etad
813 4229 1006 4286 Titum
1031 4232 1136 4288 111.
1163 4249 1218 4304 9.
1385 4236 1420 4301 4
1462 4230 1584 4290 Cic.
1617 4234 1692 4291 de
1720 4254 1803 4291 or.
1840 4255 1935 4295 ιιι.
1983 4250 2083 4313 1⁶7,
2113 4224 2191 4289 ad
2209 4228 2335 4288 Au.

261 4306 306 4369 3
348 4306 472 4368 Cic.
511 4310 585 4368 de
621 4312 740 4370 fato
765 4332 854 4384 vs,
891 4312 1053 4371 acad.
1094 4336 1218 4372 un.
1305 4334 1420 4373 ιιι.
1452 4316 1546 4375 38.
