3384 5134
1163 477 1266 574 94
1784 489 2683 548 Αοϊοιιειιικ

1163 615 1354 674 terea
1390 621 1564 673 cum
1591 609 1836 672 musto
1870 595 2233 671 deseruere
2282 619 2503 698 posse
2536 607 2555 644 ¹
2590 649 2610 668 .
2664 593 2929 672 Ualeas
2964 609 2999 647 ⁸
3034 621 3321 702 semper

1160 747 1398 796 amma
1435 745 1861 796 suauissima
1890 773 1911 792 .
1972 809 1981 826 ἱ

1667 985 1801 1034 111.
1894 983 2185 1034 nouum
2242 982 2400 1031 uto
2452 980 2746 1032 IRONTO
2782 1013 2803 1028 .

1361 1203 1680 1274 Onnum
1714 1200 2023 1293 artium,
2078 1213 2161 1273 ut
2188 1225 2319 1298 ego
2352 1197 2667 1272 arbitror
2701 1253 2724 1294 ,
2780 1198 3219 1299 imperitum
3250 1217 3317 1273 et

1151 1317 1534 1394 indoctum
1565 1319 1865 1393 omnino
1890 1344 2041 1394 esse
2074 1334 2387 1421 praestat
2412 1375 2436 1415 .,
2492 1343 2713 1418 quam
2744 1320 3261 1419 semiperitum
3282 1313 3315 1368 ¹³

1153 1464 1240 1512 ae
1261 1440 1752 1516 semidoctum
1770 1497 1787 1512 .
1844 1442 2035 1514 Nam
2052 1442 2177 1542 qui
2198 1440 2339 1514 sibi
2364 1441 2703 1516 conscius
2724 1455 2835 1514 est
2854 1442 3034 1514 artis
3054 1467 3314 1541 exper-

1159 1575 1312 1634 tem
1335 1588 1516 1658 esse,
1547 1564 1787 1638 minus
1817 1563 2221 1667 adtemptat
2234 1557 2306 1660 *.,
2324 1589 2551 1664 eoque
2580 1565 2818 1637 minus
2840 1564 3311 1663 pmecipita13

1154 1679 1554 1758 diffidentia
1586 1685 1927 1786 profecto
1982 1685 2357 1760 audaciam
2390 1681 2775 1784 prohibet.
2832 1687 2935 1754 At
2962 1681 3097 1754 ubi
3154 1683 3311 1782 quis

1151 1799 1408 1876 leuiter
1433 1805 1609 1904 quid
1637 1810 2007 1906 cognitum
2031 1833 2169 1909 pro
2196 1817 2543 1907 conperto
2570 1815 2899 1928 ostentat,
2920 1801 3103 1874 falsa
3132 1801 3313 1874 fidu-

1152 1920 1268 1994 cia
1293 1925 1761 2000 multifariam
1787 1926 2097 2002 labitur.
2132 1927 2647 2027 Philosophiae
2672 1951 2959 2027 quoque
2978 1920 3311 2022 discipli-

1149 2065 1276 2117 nas
1299 2044 1500 2119 aiunt
1535 2049 1755 2122 satius
1791 2075 1943 2122 esse
1976 2073 2373 2148 numquam
2406 2045 2768 2146 attigisse,
2802 2069 3029 2145 quam
3056 2041 3307 2114 leuiter

1149 2173 1224 2234 et
1235 2163 1679 2262 primoribus
1698 2223 1722 2263 .‚
1750 2184 1832 2241 ut
1850 2169 2119 2242 dicitur
2136 2225 2159 2264 ‚
2184 2167 2397 2242 labiis
2420 2165 2806 2260 delibasse3
2830 2189 3107 2264 eosque
3142 2187 3305 2262 pro-

1145 2282 1386 2356 uenire
1407 2286 2035 2364 malitiosissimos.
2048 2347 2071 2386 ‚
2126 2291 2252 2390 qui
2276 2289 2354 2362 in
2374 2285 2732 2362 uestibulo
2754 2283 2929 2356 artis
2950 2281 3299 2354 obuersa-

1147 2401 1208 2474 ti
1234 2456 1257 2497 ,
1291 2406 1492 2506 prius
1515 2408 1682 2481 inde
1708 2410 2091 2484 auerterint
2119 2435 2339 2511 quam
2360 2405 2881 2511 penetrauerint
2904 2397 2946 2437 *
2970 2459 2990 2474 .
3026 2403 3301 2478 Tamen

1141 2535 1256 2594 est
1279 2522 1354 2594 in
1365 2521 1534 2597 ‘aliis
1570 2526 1847 2602 artibus
1872 2527 1998 2600 ubi
2029 2525 2393 2600 interdum
2418 2525 2779 2601 delitiscens
2806 2535 2839 2576 ⁰
2868 2579 2893 2620 ,
2922 2537 2999 2598 et
3022 2524 3295 2624 peritus

1141 2641 1514 2744 paulisper
1534 2646 1835 2722 habeare
1858 2649 2057 2749 quod
2070 2649 2349 2722 nescias
2376 2697 2397 2720 .
2454 2651 2541 2722 In
2562 2647 2803 2722 uerbis
2824 2671 2998 2720 uero
3026 2645 3295 2746 eligen-

1147 2760 1262 2834 dis
1297 2763 1909 2870 conlocandisque
1939 2771 2108 2848 ilico
2142 2771 2413 2845 dilucet
2448 2804 2467 2844 ε
2520 2795 2653 2844 nec
2682 2767 2900 2843 uerba
2930 2765 3111 2840 dare
3150 2766 3295 2838 diu·

1145 2881 1286 2956 tius
1310 2881 1613 2986 potest*
1637 2944 1662 2983 ,
1716 2892 1887 2992 quin
1932 2919 2001 2966 se
2040 2894 2193 2994 ipse
2222 2894 2495 2968 indicet
2538 2891 2925 2966 uerborum
2966 2889 3295 2986 ignarum

1145 3029 1298 3080 esse
1327 3061 1349 3102 ,
1401 3035 1618 3112 eaque
1665 3013 1850 3088 male
1879 3018 2189 3117 probare
2224 3075 2247 3115 .‚
2302 3032 2376 3091 et
2414 3031 2675 3092 temere
2712 3013 3139 3088 existimare
3176 3071 3199 3110 ,
3222 3028 3289 3085 et

1147 3127 1376 3204 inscie
1409 3145 1857 3210 contrectare
1883 3194 1907 3234 ,
1962 3163 2191 3240 neque
2223 3137 2533 3214 modum
2564 3163 2791 3240 neque
2824 3135 3123 3238 pondus
3158 3159 3293 3209 uer-

1146 3247 1226 3322 bi
1249 3251 1642 3331 internosse
1665 3311 1690 3330 .
2230 3269 2240 3281 ’

1362 3374 1612 3465 Quam'
1627 3379 1726 3454 ob
1748 3407 1899 3456 rem
1916 3409 1987 3458 ra
1999 3381 2059 3456 ri
2070 3380 2477 3458 admodum
2490 3395 2817 3458 ueterum
2838 3379 3287 3482 scriptorum

1319 3603 1352 3634 ⁴⁵
1396 3605 1498 3669 M.
1549 3605 1773 3671 Minus
1812 3609 2010 3674 audet
2045 3611 2160 3700 qui
2197 3633 2264 3676 se
2300 3611 2424 3676 scit
2470 3611 2625 3678 artis
2662 3627 3003 3701 expertem
3046 3664 3064 3678 .

1319 3695 1353 3724 ⁴*
1399 3695 1500 3760 M.
1550 3693 2042 3765 Malitiosissimi
2078 3717 2231 3767 sunt
2263 3704 2381 3792 qui
2418 3703 2487 3767 in
2532 3701 2864 3770 uestibulo
2908 3703 3281 3784 obuersati,

1137 3783 1324 3876 prius
1363 3785 1516 3851 inde
1545 3792 1916 3858 *auerterint
1952 3814 2151 3881 quam
2188 3797 2738 3882 penetrauerint.

1317 3876 1350 3907 ⁴*
1395 3877 1487 3944 M
1523 3879 1604 3944 In
1639 3881 1858 3948 uerbis
1895 3880 2212 3975 eligendis
2250 3885 2455 3951 uerba
2490 3888 2650 3954 dare
2684 3908 2879 3954 nemo
2918 3906 3203 3978 potest.

1208 4121 1246 4156 a
1279 4103 1402 4155 God-
1421 4101 1622 4158 ualeat.
1692 4106 1725 4158 h
1758 4109 1879 4160 eod.
1897 4111 2278 4183 saemc‘pen'aum
2315 4127 2484 4164 contra
2516 4130 2572 4163 ac
2600 4115 2652 4165 in
2676 4121 2909 4182 nequent
2928 4151 2943 4167 .
3018 4133 3049 4168 c
3090 4117 3168 4168 In
3189 4113 3281 4166 cod.

1289 4279 1314 4319 ι
1359 4263 1660 4342 Significat
1702 4267 2451 4350 gracchana-eloquentiae
2484 4271 2807 4339 feruorem.
