3384 5134
1089 451 1192 546 34
1665 471 2599 533 .An·u·cA3sAnnm

1083 588 1300 674 ptum
1327 604 1346 643 ε
1365 609 1405 626 -
1429 568 1768 644 omnibns
1794 583 1965 642 tunc
2000 568 2241 664 imago
2268 567 2587 668 patriciis
2612 567 3035 667 pingebatur
3054 571 3241 645 insi-

1083 695 1235 790 gnis
1261 733 1304 749 -
1332 749 1351 764 .
1384 695 1486 766 At
1507 691 1630 764 ubi
1657 715 1875 786 genus
1898 687 2142 762 nobile
2170 686 2466 788 ignobili
2492 711 2917 790 comparans
2942 688 3091 763 dixi
3122 725 3143 762 ε
3181 733 3230 748 -

1077 825 1164 884 ut
1188 811 1404 914 siquis
1440 811 1677 907 ignem
1701 808 1795 882 ‚de
1825 833 2003 905 rogo
2050 821 2123 880 et
2160 835 2281 881 ara
2316 789 2697 880 accensum
2736 807 3049 882 similem
3086 839 3238 912 pu-

1079 944 1185 1004 tet
1211 986 1234 1025 ,
1298 931 1639 1032 quoniam
1700 955 1920 1028 aeque
1956 926 2193 1000 luceat
2220 959 2315 1022 -ς
2376 927 2469 999 ad
2504 941 2538 976 ἃ
2589 927 2733 1002 hoc
2764 955 2996 1028 pauca
3026 924 3065 980 ¹³
3097 931 3239 1004 ad-

1075 1052 1514 1126 murmurati
1533 1064 1701 1124 sunt
1727 1107 1745 1120 .
1772 1051 2142 1142 Quorsum
2164 1047 2306 1122 hoc
2334 1041 2606 1124 retuli?
2630 1050 2733 1123 uti
2760 1064 2855 1144 te,
2883 1051 3238 1147 Domine,

1075 1175 1176 1247 ita
1231 1197 1576 1272 conpares
1632 1172 1969 1276 ubi-quid
2026 1173 2100 1245 in
2132 1185 2343 1246 coetu
2397 1171 2781 1246 hominum
2824 1172 3165 1246 recitabis
3204 1229 3231 1264 ‚

1077 1307 1162 1370 ut
1197 1295 1378 1366 scias
1417 1292 1708 1365 auribus
1746 1292 2255 1384 seruiendume,
2312 1289 2525 1392 plane
2562 1315 2707 1362 non
2771 1290 3035 1390 ubique
3092 1315 3235 1362 nec

1081 1415 1284 1488 omni
1355 1411 1582 1486 modo
1614 1467 1639 1506 .,
1700 1425 2015 1485 attamen
2056 1431 2597 1512 nonnumquam
2650 1425 2721 1483 et
2782 1411 3169 1511 aliquando
3210 1468 3229 1482 .

1081 1534 1302 1627 Quod
1341 1533 1462 1605 ubi
1509 1533 1722 1606 facies
1756 1590 1779 1629 ‚
1822 1534 2056 1608 simile
2086 1535 2318 1608 facere
2352 1547 2421 1606 te
2455 1547 2785 1632 reputato
2825 1546 3037 1632 atque
3061 1531 3233 1604 illut

1079 1653 1313 1726 facitis
1344 1707 1368 1748 ,
1411 1651 1537 1723 ubi
1595 1679 1718 1746 eos
1750 1655 1874 1752 qui
1912 1654 2173 1728 bestias
2209 1662 2489 1726 strenue
2524 1652 3046 1742 interfecerint,
3088 1677 3233 1751 po-

1075 1771 1250 1872 pulo
1291 1767 1707 1872 postulante
1741 1826 1764 1863 .,
1824 1773 2092 1844 ornatis
2126 1785 2249 1844 aut
2280 1771 2788 1844 manumittitis
2820 1801 2841 1866 3
2884 1783 3227 1843 nocentes

1079 1892 1300 1966 etiam
1339 1889 1664 1964 homines
1711 1903 1835 1963 aut
1870 1891 2134 1966 scelere
2164 1867 2597 1986 damnatos,
2626 1891 2751 1992 sed
2774 1889 3051 1992 populo
3086 1918 3231 1991 po-

1074 2009 1381 2084 stulante
1417 2010 1815 2084 conceditis
1844 2023 1863 2058 ¹
1889 2061 1910 2082 -.
1961 2011 2250 2112 Ubique
2286 2013 2497 2110 igitur
2543 2011 2855 2113 populus
2886 2011 3225 2085 domina-

1079 2144 1197 2246 tur
1229 2147 1299 2204 et
1343 2129 1743 2232 praepollet
1775 2189 1792 2205 .
1838 2134 2067 2232 Igitur
2102 2148 2185 2206 ut
2212 2131 2496 2236 populo
2532 2148 2813 2232 gratum
2872 2135 3009 2208 erit
3035 2191 3058 2230 ‚
3122 2138 3229 2206 ita
3306 2155 3317 2166 ·

1075 2252 1294 2325 facies
1330 2263 1544 2353 atque
1574 2253 1771 2328 dices
1796 2310 1815 2324 .
1865 2257 2005 2328 Hic
2036 2279 2323 2330 summa
2368 2254 2487 2328 illa
2520 2257 2742 2329 uirtus
2774 2257 3081 2330 oratoris
3116 2272 3229 2330 at-

1072 2395 1211 2470 que
1249 2371 1470 2444 ardua
1498 2385 1602 2444 est
1635 2427 1656 2466 ‚
1695 2385 1778 2444 ut
1814 2397 1960 2446 non
2024 2395 2283 2470 magno
2324 2370 2762 2448 detrimento
2802 2391 3031 2449 rectae
3072 2379 3227 2451 elo-

1070 2494 1402 2594 quentiae
1445 2503 1477 2540 c
1527 2486 1887 2567 auditores
1945 2487 2259 2568 oblectet
2307 2523 2330 2588 ς
2403 2521 2622 2596 eaque
2686 2491 3165 2572 delenimenta
3196 2555 3219 2596 ‚

1067 2637 1250 2712 quae
1291 2607 1692 2684 mulcendis
1738 2609 1933 2707 uolgi
1968 2612 2227 2684 animis
2267 2629 2659 2713 conparat,
2698 2644 2789 2690 ne
2821 2640 2989 2690 cum
3030 2614 3231 2690 mul«

1070 2743 1148 2803 to
1183 2754 1267 2802 ac
1299 2755 1558 2827 magno
1601 2725 1959 2806 dedecore
1996 2733 2233 2808 fucata
2268 2735 2410 2808 sint
2443 2770 2461 2806 ε
2499 2751 2580 2808 ut
2634 2739 2709 2810 in
2745 2743 3221 2841 compositio-

1068 2851 1178 2925 nis
1210 2851 1645 2946 instructura
1673 2846 1713 2901 d
1745 2879 1965 2954 aeque
1998 2856 2305 2930 mollitia
2338 2857 2430 2932 sit
2467 2855 2853 2956 delictum,
2890 2889 3114 2962 quam
3146 2863 3219 2933 in

1067 2971 1412 3046 sententia
1447 2973 1863 3070 inpudentia
1896 2988 1931 3024 θ
1961 3027 1979 3050 -.
2017 2978 2315 3051 Uestem
2349 3005 2639 3080 quoque
2670 2979 2996 3056 lanarum
3028 2982 3221 3056 mol-

1068 3087 1222 3161 litia
1259 3087 1644 3164 delicatam
1685 3093 1883 3168 malo
1922 3088 1951 3144 f
1972 3151 1998 3190 ‚
2060 3123 2281 3196 quam
2337 3099 2586 3173 colore
2649 3099 3036 3200 muliebri,
3089 3103 3213 3175 filo

1065 3209 1259 3282 tenui
1299 3225 1420 3283 aut
1457 3213 1682 3286 serico
1716 3243 1739 3309 ς
1792 3241 2234 3318 purpuream
2269 3219 2549 3322 ipsam,
2590 3245 2741 3292 non
2778 3218 3055 3296 luteam
3080 3247 3210 3296 nec

1129 3461 1168 3491 a
1203 3443 1414 3493 Codnw.
1489 3445 1518 3493 ὁ
1558 3449 1632 3497 Ita
1663 3448 1882 3520 legebam
1905 3449 1953 3498 in
1992 3447 2190 3514 codice;
2222 3467 2519 3522 quamquam
2559 3452 2756 3502 omnino
2791 3451 3103 3504 scribendum
3128 3457 3211 3504 ni-

1065 3513 1208 3563 rlctnu·
1247 3517 1407 3581 pauci
1429 3550 1440 3562 .
1511 3534 1540 3564 c
1575 3521 1697 3569 eod.
1734 3532 1873 3568 tecm
1902 3519 2234 3588 eloquentia,
2288 3525 2423 3592 quod
2474 3527 2559 3576 uix
2616 3523 2867 3575 ferendum
2914 3524 3173 3576 uidebatur
3194 3561 3209 3574 .

1059 3585 1096 3634 d
1133 3587 1208 3634 In
1255 3585 1363 3632 cod.
1399 3601 1450 3636 et
1469 3587 1669 3640 inferius
1692 3585 2039 3641 Inscribendae
2077 3611 2168 3658 pro
2208 3595 2496 3648 scn‘bendae
2524 3629 2538 3643 .
2609 3613 2637 3644 e
2670 3601 2760 3644 lca
2794 3595 2903 3645 cod.
2946 3612 2988 3645 ι.
3026 3612 3209 3656 manin

1063 3671 1113 3706 nt
1141 3671 1187 3702 2·
1205 3655 1468 3720 inpmienu'
1487 3693 1502 3716 2
1521 3660 1666 3728 'quod
1687 3663 1921 3712 mendum
1950 3664 2143 3714 uidetur
2164 3699 2175 3711 .
2211 3667 2281 3717 Ut
2302 3667 2649 3735 cacophoniun
2678 3670 2797 3718 uite·
2816 3705 2829 3726 .
2864 3684 2990 3718 reete
3030 3669 3207 3718 scribes

1060 3741 1177 3847 ἔξω
1213 3727 1351 3810 1¹:31¹
1385 3731 1642 3780 ‘mantii-5
1667 3730 1976 3800 mpudenu'a
1996 3769 2013 3784 .
2064 3730 2118 3807 f
2142 3739 2219 3790 In
2250 3737 2563 3792 scribendum
2596 3755 2765 3791 oen-eo
2796 3740 3025 3806 inspecti·
3059 3737 3207 3800 nebe-

1115 3817 1136 3849 ⁸
1179 3815 1301 3848 mel.
1322 3829 1337 3845 ο
1589 3813 1594 3818 “
3136 3839 3141 3848 .

1145 3989 1168 4024 ι
1217 3970 1524 4027 Contraria
1571 3969 1667 4029 lex
1738 3971 2084 4034 Diocletiani
2124 3993 2305 4038 ’srmt
2326 3977 2943 4062 attdiendae,qnando
2966 3999 3199 4045 autno-

1056 4059 1115 4104 et
1175 4051 1506 4110 Maximiani
1566 4075 1737 4132 augg.
1809 4073 1961 4115 extat
2024 4061 2085 4116 in
2167 4069 2330 4120 xium
2348 4069 2591 4123 crimine
2607 4067 2841 4124 absolui
2862 4109 2875 4134 ‚
2912 4077 3197 4127 metimur·

1058 4131 1197 4228 ⁰⁰⁶2
1225 4155 1307 4188 tx.
1347 4139 1438 4214 47.
1482 4159 1545 4196 ια
1587 4139 1662 4194 de
1706 4141 1989 4198 damnatis
2008 4145 2085 4201 ad
2166 4159 2377 4206 centem
2406 4147 2779 4210 condemnari
2820 4149 3192 4214 desiderant·

1049 4211 1289 4273 bestias:
1325 4239 1512 4280 uanae
1545 4241 1713 4282 uoces
1726 4230 1938 4307 populi
1969 4247 2090 4287 non
