3384 5134
1093 433 1244 508 168
1567 455 1660 504 An
1728 453 2171 506 ,tu-romaum
2229 453 2769 504 mum-ronta

1091 555 1282 628 cidia
1327 547 1759 628 distractis?
1810 553 2105 626 Lineam
2162 553 2377 626 istam
2432 550 2793 624 famosam
2845 563 3069 650 atque
3120 577 3225 623 ce-

1084 674 1438 750 lebratam
1485 687 1504 722 ¹
1549 732 1574 770 ‚
1647 689 2019 776 ceteraque
2084 687 2323 747 tantae
2392 672 2741 774 pecuniae
2824 689 3227 743 ornamenta

1085 798 1246 896 quis
1297 811 1488 869 eruet
1511 791 1554 870 ’.Ρ
1621 800 1777 872 Tua
1858 823 2044 869 uxor
2113 795 2175 868 si
2236 793 2491 867 emerit
2528 848 2553 887 ‚
2606 789 2959 892 praedam
3033 795 3225 865 inua-

1087 917 1258 988 sisse
1287 931 1358 986 et
1411 917 1719 987 minimo
1755 941 1912 988 aere
1948 915 2301 1016 eripuisse
2336 911 2616 985 dicetur
2650 966 2673 1005 .,
2730 937 2969 1012 eoque
3006 915 3229 984 minus

1085 1033 1185 1106 ad
1217 1061 1394 1128 e08.,
1449 1035 1713 1134 quibus
1786 1033 2099 1131 legatum
2154 1047 2354 1126 erat,
2414 1033 2869 1132 peruenisse.
2930 1035 3047 1105 An
3104 1062 3229 1106 non

1085 1166 1280 1226 emet
1337 1153 1516 1226 haec
1593 1170 2017 1232 ornamenta
2088 1155 2423 1228 Faustina
2458 1149 2499 1227 ’.Ρ
2548 1153 2730 1243 Quis
2784 1154 3001 1250 igitur
3056 1170 3235 1226 emet

1085 1275 1468 1371 margarita
1507 1269 1550 1308 *
1587 1301 1769 1375 quae
1804 1275 2087 1350 filiabus
2143 1279 2281 1349 tuis
2313 1275 2539 1370 legata
2568 1269 2933 1350 suntP-lis
2969 1303 3232 1373 marga-

1084 1393 1242 1465 ritis
1279 1391 1514 1470 collos
1575 1407 1608 1446 2
1666 1396 1974 1471 filiarum
2016 1411 2301 1470 tuarum
2334 1395 2777 1496 despoliabis
2816 1451 2841 1490 ‚
2894 1411 2982 1468 ut
3038 1400 3229 1468 cuius

1083 1513 1372 1586 tandem
1407 1515 1753 1614 ingluuies
1776 1508 1813 1566 3
1842 1501 2115 1614 turgida
2154 1529 2445 1590 ornetur
2468 1509 2508 1589 ’.ἶ
2540 1519 2657 1589 An
2688 1514 3051 1588 hereditas
3088 1518 3228 1587 Ma-

1084 1633 1298 1707 tidiae
1351 1664 1392 1708 a
1437 1636 1650 1710 uobis
1689 1663 1833 1710 non
1888 1627 2277 1710 adibitur'?
2330 1661 2621 1709 summo
2658 1661 2905 1733 genere
2942 1692 2966 1731 ‚
3022 1629 3221 1710 suin-

1077 1756 1223 1826 mis
1271 1755 1532 1855 opibus
1591 1755 2045 1829 nobilissima
2095 1756 2359 1830 semina
2384 1755 2475 1828 de
2536 1755 2748 1828 uobis
2779 1756 3061 1856 optime
3087 1783 3225 1828 me-

1081 1873 1215 1946 rita
1250 1876 1578 1950 intestata
1603 1877 1867 1952 obierit
1892 1873 1933 1952 ?
1958 1880 2069 1952 Ita
2092 1903 2392 1979 prorsus
2430 1889 2463 1925 ἃ
2498 1877 2821 1970 eueniet,
2856 1891 2939 1948 ut
2972 1879 3095 1948 cui
3130 1879 3225 1949 su·

1078 2021 1213 2068 nus
1266 1996 1646 2096 publicum
1679 1997 2081 2076 decreueris
2107 2053 2131 2093 ‚
2182 1999 2248 2071 ei
2282 1997 2634 2071 ademeris
2674 2011 3183 2070 testamentum
3210 2055 3227 2066 .
3332 2041 3334 2062 .

1077 2112 1344 2190 Adhuc
1387 2121 1716 2218 usquein
1757 2118 2096 2192 omnibus
2137 2117 2370 2190 causis
2405 2118 2673 2191 iustum
2718 2133 2787 2190 te
2814 2131 2891 2189 et
2944 2141 3225 2214 grauem

1077 2250 1153 2309 et
1195 2256 1524 2314 sanctum
1560 2242 1875 2314 iudicem
1909 2239 2302 2314 exhibuisti
2323 2272 2342 2308 ε
2382 2237 2475 2310 ab
2502 2239 2835 2312 uxorisne
2875 2253 3037 2312 tuae
3072 2264 3228 2310 cau-z

1077 2383 1148 2430 sa
1184 2387 1404 2458 praue
1434 2362 1753 2436 iudicare
1777 2361 2157 2434 inchoabis
2188 2352 2223 2410 ¹³
2260 2417 2278 2432 .
2334 2363 2527 2434 Tum
2554 2374 2629 2432 tu
2656 2358 2955 2460 quidem
2990 2359 3227 2456 ignem

1079 2477 1504 2576 imitaberis,
1537 2483 1597 2556 si
1620 2484 2001 2583 proximos
2024 2481 2359 2556 ambures
2377 2537 2398 2576 ‚
2427 2480 2839 2580 longinquis
2860 2480 3141 2554 lucebis
3164 2475 3193 2536 4
3213 2533 3230 2548 .
3332 2515 3334 2524 ·

1167 2709 1174 2716 ’
1257 2707 1290 2740 ⁴⁸
1336 2709 1436 2774 ᾹῙ.
1489 2709 1628 2774 Hoc
1666 2710 2099 2797 margaritum
2125 2725 2191 2772 et
2217 2707 2379 2773 haec
2409 2707 2757 2798 margarita
2796 2731 3039 2786 genere
3062 2733 3225 2772 neu-

1077 2813 1228 2872 troz
1274 2817 1341 2864 et
1363 2823 1596 2890 genere
1635 2797 1948 2864 feminino
1978 2831 2008 2866 c
2032 2797 2197 2864 haec
2238 2801 2589 2889 margarita
2628 2814 2693 2862 et
2728 2797 2855 2863 bae
2896 2803 3227 2884 margari—

1075 2905 1224 2996 taet.
1275 2909 1350 2956 ut
1387 2893 1622 2963 Cicero
1660 2891 1743 2956 de
1803 2891 1999 2984 signis
2036 2887 2405 2956 5-nullam
2438 2913 2767 2982 gemmam
2814 2907 2932 2955 aut
2968 2915 3227 2982 marga-

1074 2998 1274 3046 ruam
1297 3031 1316 3049 .

1145 3221 1184 3252 a
1221 3203 1300 3252 Sic
1341 3200 1480 3260 cod.;
1517 3199 1630 3250 alibi
1653 3220 1833 3270 prosus
1854 3239 1867 3253 .
1938 3200 1968 3250 b
2004 3203 2079 3250 Ita
2112 3201 2220 3250 cod.
2246 3217 2383 3251 secus
2408 3217 2466 3250 ac
2499 3219 2643 3268 supra
2666 3219 2715 3266 p.
2754 3185 2869 3252 155]
2940 3221 2971 3250 c
3008 3205 3225 3254 Utrum-

1078 3294 1178 3344 que
1201 3291 1352 3344 genus
1376 3273 1590 3342 agnoscit
1615 3275 1759 3322 etiam
1788 3274 1999 3327 incertus
2029 3276 2373 3342 grammaticus
2403 3271 2537 3338 apud
2576 3269 2773 3324 Putet-h.
2811 3291 2861 3338 p.
2896 3289 3049 3340 2790.
3088 3279 3231 3326 Taci-

1073 3363 1154 3398 tus
1183 3348 1343 3413 Agric.
1391 3360 1470 3393 χιι
1527 3359 1731 3410 usurpat
1768 3361 1999 3392 neutrum
2038 3361 2191 3411 genus
2214 3378 2225 3388 .
2266 3346 2374 3394 Iam
2412 3341 2474 3392 de
2506 3344 2662 3409 ipsiu·
2706 3346 2897 3411 torqui·
2933 3346 3129 3412 duplici
3148 3368 3235 3419 ge-

1073 3435 1188 3467 nere
1225 3416 1398 3466 uidesi·
1443 3417 1798 3483 Hieronymum
1842 3415 1907 3465 ad
1952 3415 2073 3466 Dan.
2116 3415 2179 3464 V.
2214 3432 2265 3478 7.
2368 3434 2373 3440 ’

1160 3565 1180 3600 ι
1233 3547 1321 3600 De
1353 3542 1524 3602 huius
1544 3542 1725 3622 ipsius
1754 3543 1942 3600 lineae
1977 3565 2107 3602 con·-
2196 3549 2385 3604 Uarr-o
2442 3547 2526 3603 ad
2600 3551 2939 3605 Cicer-onem
2992 3555 3062 3607 in
3137 3552 3233 3607 Hb.
3332 3554 3334 3624 ζ

1070 3624 1352 3686 trouersia
1399 3629 1498 3684 uix
1537 3629 1746 3686 dubito
1779 3628 1917 3704 quin
1958 3631 2108 3684 Mar·
2192 3651 2353 3686 xxur
2412 3633 2711 3704 ingluvies
2738 3669 2755 3698 ,
2793 3639 2995 3708 inquit
3027 3673 3047 3700 ,
3102 3645 3240 3690 scm!

1071 3731 1170 3768 cus
1190 3712 1542 3782 ,Scaeuolam
1594 3711 1851 3769 consulat
1888 3710 2094 3788 digest.
2181 3719 2303 3770 tor-i
2350 3718 2506 3769 cir-ca
2576 3715 2777 3788 gulam
2821 3721 2929 3792 qui
2996 3731 3237 3792 propter

1068 3811 1316 3850 xxxva.
1344 3795 1439 3849 26.
2095 3839 2098 3842 -
2177 3795 2589 3872 pinguedc'nem
2602 3799 2777 3868 fiunt
2794 3839 2812 3864 ,
2834 3811 3013 3876 atque
3050 3807 3237 3856 inter-

1149 3897 1182 3934 2
1229 3873 1554 3931 Declinatio
1588 3875 1770 3934 Caluo
1805 3887 1969 3950 grata
2004 3889 2103 3932 aut
2182 3885 2360 3936 iectus
2398 3878 2612 3935 habent
2634 3899 2851 3956 rugas.
2880 3883 3065 3940 -Sed
3084 3901 3237 3940 nunc

1061 3955 1366 4018 familiaris
1385 4002 1401 4026 ,
1424 3959 2096 4030 testeQuimiliano·inst.
2142 4017 2147 4020 ,
2172 3981 2286 4038 pro
2324 3965 2470 4036 gula
2500 3967 2757 4040 positum
2783 4004 2797 4017 .

1061 4043 1110 4098 1.
1147 4047 1202 4101 6.
1243 4045 1396 4097 Haec
1429 4055 1618 4098 autem
1663 4063 1773 4098 uox
1816 4044 2101 4118 repetitur
2269 4047 2303 4110 4
2348 4043 2444 4099 Sic
2466 4057 2523 4098 et
2544 4043 2855 4102 Sallustius
2888 4045 3127 4104 locutus
3156 4056 3235 4102 est

1059 4123 1122 4180 in
1143 4124 1397 4198 margine
1418 4125 1633 4182 codicis
1653 4139 1714 4181 ut
1738 4125 2011 4182 notabilis
2031 4166 2045 4179 .
2175 4125 2249 4184 de
2284 4124 2663 4183 Athenodoro
2698 4127 2885 4184 stoico
2907 4173 2921 4186 .
2958 4129 3111 4188 Suid
3136 4171 3153 4184 .

1143 4210 1180 4268 3
1226 4207 1624 4286 Philargyrius
1646 4209 1808 4269 adG.
1826 4211 1928 4266 111.
1955 4209 2089 4277 431:
2258 4205 2295 4266 5
2339 4209 2413 4266 [η
2447 4211 2611 4270 Verr.
2650 4211 2787 4269 llll.
2838 4227 2887 4266 ι.
