3384 5134
1011 506 1056 557 L
1089 508 1115 555 1
1149 502 1184 555 n
1211 510 1252 557 r.
1285 507 1328 559 ιι
1411 504 1442 552 ι
1996 511 2004 519 ·
2162 490 2319 585 289

169 602 354 701 gulis
387 600 822 704 ponde-ratae
843 616 1010 677 sunt
1043 660 1064 676 .
1122 605 1299 679 Ausi
1327 618 1564 678 tamen
1597 619 1765 679 sunt
1786 605 2119 681 nonnulli
2148 612 2319 682 naui

167 724 450 796 scilicet
502 736 576 795 et
625 720 889 795 strenui
931 724 1064 797 uiri
1121 724 1505 799 codicillos
1539 781 1562 820 .,
1620 752 1805 825 quos
1874 727 2317 828 iampridem

163 838 468 919 Matidia
534 839 884 913 inciderat
909 895 931 935 .,
987 840 1360 939 obsignare
1390 897 1414 938 ,
1473 868 1644 917 cum
1702 844 1825 917 illa
1890 847 2040 919 sine
2110 872 2321 920 sensu

161 963 324 1037 ullo
387 964 648 1035 iaceret
673 1011 694 1032 .
753 963 929 1037 Ausi
970 977 1001 1011 ²
1031 964 1250 1037 etiam
1289 977 1456 1037 sunt
1509 963 1899 1039 codicillos
1930 968 2105 1041 istos
2142 984 2323 1070 aput

163 1084 570 1159 Dominum
606 1082 728 1154 ·N·
750 1094 768 1129 ¹
795 1098 874 1155 ut
895 1083 1124 1183 probe
1161 1109 1247 1157 ac
1271 1098 1462 1157 recte
1494 1084 1726 1159 factos
1762 1086 1942 1160 tueri
1974 1112 2059 1160 ac
2084 1088 2329 1161 defen-

169 1208 338 1279 dere
359 1216 394 1253 ²
423 1258 444 1275 .
479 1204 632 1278 Nec
653 1204 804 1276 sine
833 1220 1032 1277 metu
1065 1205 1166 1277 fui
1189 1261 1211 1300 ,
1245 1204 1511 1307 nequid
1545 1205 2011 1307 philosophia
2038 1232 2329 1307 peruer-

170 1329 234 1401 *si
261 1327 592 1401 suaderet
615 1318 652 1375 3
682 1380 700 1395 .
755 1326 954 1415 Quid
989 1326 1082 1400 ad
1117 1354 1286 1401 cum
1326 1327 1414 1400 de
1445 1354 1522 1401 re
1555 1330 1967 1430 scripserim
1992 1386 2016 1427 .‚
2058 1344 2143 1404 ut
2174 1330 2327 1404 sci·-

173 1472 284 1521 res
309 1502 332 1542 ‚
365 1443 786 1545 exemplum
819 1443 1220 1525 litterarum
1247 1442 1280 1507 4
1307 1450 1474 1521 misi
1514 1448 1648 1521 tibi
1677 1502 1699 1518 .

387 1568 476 1639 In
503 1565 824 1639 oratione
849 1565 1144 1665 bithyna
1171 1620 1192 1660 .‚
1239 1567 1442 1639 cuius
1465 1582 1749 1667 partem
1774 1566 2029 1664 legisse
2054 1584 2125 1644 te
2144 1572 2330 1645 scri·

169 1690 286 1763 bis
314 1743 338 1783 .,
373 1685 600 1757 multa
624 1698 790 1758 sunt
820 1711 1006 1758 noua
1037 1684 1282 1759 addita
1301 1742 1325 1783 .‚
1363 1700 1445 1759 ut
1463 1687 1781 1760 arbitror
1805 1742 1827 1783 .,
1868 1714 2019 1777 non
2056 1683 2093 1739 b
2124 1692 2327 1767 inor·-

171 1826 332 1884 nate
360 1842 382 1879 ε
434 1806 642 1880 locus
670 1808 750 1878 in
780 1805 1042 1905 primis
1090 1806 1182 1881 de
1213 1824 1377 1885 acta
1409 1810 1558 1882 uita
1583 1863 1607 1904 ,
1665 1836 1885 1911 quem
1918 1812 2051 1883 tibi
2085 1812 2321 1912 placi·
2442 1824 2451 1833 '
2516 1804 2529 1811 ”

171 1948 416 2005 turum
456 1941 638 2027 puto
664 1978 690 2019 ‚
747 1927 808 1999 si
861 1926 1112 2024 legeris
1172 1929 1348 2029 quid
1407 1930 1483 2001 iu
1513 1927 1735 2003 simili
1770 1957 1843 2003 re
1875 1933 2007 2003 ·M·
2040 1930 2322 2006 Tullius

169 2076 310 2154 pro
355 2050 472 2119 ··L
505 2057 538 2095 ⁰
571 2043 768 2146 Sylla
815 2046 1084 2144 egregie
1117 2048 1482 2121 scribtum.
1507 2047 1841 2147 reliquit.
1896 2074 2045 2122 non
2083 2061 2167 2122 ut
2195 2074 2329 2149 par

169 2170 326 2270 pari
351 2190 779 2267 compareS,
841 2163 966 2237 sed
989 2176 1070 2235 ut
1101 2166 1432 2239 aestimes
1469 2182 1800 2241 nostrum
1826 2169 2241 2243 mediocre
2218 2196 2329 2243 m-

173 2292 456 2391 genium
495 2300 844 2390 quantum
870 2286 964 2385 ab
986 2284 1121 2359 illo
1167 2288 1476 2363 eximiae
1509 2288 1957 2393 eloquentiae
1993 2294 2155 2367 uiro
2186 2292 2327 2366 ab-

173 2412 329 2483 fuat
349 2400 428 2480 ἆ.

223 2674 472 2723 xvnl.
551 2672 848 2725 now-ro
903 2672 1310 2725 plusculo
1365 2672 1804 2725 PomrnlAno
1838 2642 2279 2725 5sALUTEm.

391 2886 670 2961 Umum
704 2910 795 2959 ex
839 2912 960 2960 me
985 2942 1008 2981 .,
1065 2888 1170 2963 mi
1231 2886 1715 2988 Pompeiane,
1766 2888 1877 2959 uti
1916 2914 2027 2961 res
2056 2902 2169 2961 est
2192 2914 2327 2962 au·-

173 3006 330 3081 dies
359 3036 383 3101 3
435 3004 800 3107 uelimque
855 3020 929 3080 te
959 3006 1140 3087 mihi
1173 3022 1423 3081 uerum
1463 3008 1737 3081 dicenti
1764 3007 1989 3081 fidem
2020 3010 2279 3085 habere
2304 3064 2327 3082 .

243 3206 680 3259 amdam&
751 3206 1250 3260 ὂῦοᾶ.ηοητιε.
1320 3209 2330 3275 cIoeeod.mendo·eLproP.1-·i-

175 3280 312 3331 brian·
317 3278 991 3331 noninnirumhmncinamt
1032 3282 1193 3331 ent-de
1227 3280 1459 3350 1..Syu·
1495 3278 2010 3351 dicuwreccogium.
2060 3280 2334 3331 alluui-

179 3350 326 3401 detur
377 3348 1354 3423 cod-Sammuimuofuatprou’e·

270 3550 292 3585 ι
344 3526 654 3585 Dominum
703 3542 962 3587 nostrum
997 3573 1016 3600 ‚
1054 3548 1234 3586 nem-v
1382 3532 1416 3600 4
1461 3528 1682 3587 Harum
1718 3525 1937 3585 scilicet
1992 3524 2172 3584 habes
2204 3547 2331 3586 mc-

179 3630 258 3690 pe
295 3612 553 3669 Marcum
594 3610 732 3688 imp.
1299 3612 1498 3669 diocrc
1515 3614 1906 3689 fragmentum
1925 3609 2004 3666 ad
2025 3612 2161 3667 Ant.
2188 3610 2327 3689 imp.

262 3712 295 3750 2
341 3696 429 3749 De
471 3715 536 3751 re
573 3693 854 3750 eiusmodi
910 3695 1048 3753 citat
1088 3692 1216 3751 An-
1297 3697 1371 3753 ll.
1421 3694 1528 3752 sub
1565 3696 1740 3749 finem
1774 3734 1787 3747 .

175 3776 368 3835 tonini
397 3776 740 3851 rescriptum
758 3776 932 3835 Caius
963 3780 1040 3835 11.
1079 3798 1206 3839 120,
1377 3775 1416 3833 5
1459 3780 1545 3834 De
1562 3774 1915 3853 Pompeiano
1955 3780 1979 3841 (
1996 3772 2099 3831 sed
2120 3780 2337 3839 Saenia

263 3860 299 3917 3
343 3859 439 3917 Sic
505 3860 710 3917 Cicero
789 3880 900 3938 pro
977 3866 1216 3929 Murena
1297 3880 1416 3917 non
1455 3864 1795 3928 Praecilio)
1845 3857 2164 3932 loquuntur
2206 3859 2338 3936 epi-

179 3961 378 3999 xxxvi
421 3940 565 4012 dicit
598 3961 928 4019 peruersa·
983 3944 1216 4024 sapien-n
1299 3942 1485 4001 stulae
1519 3942 1597 4005 ad
1633 3944 1729 4002 ·M·
1769 3944 1933 3999 caes.
1984 3942 2058 4003 V.
2098 3942 2197 4011 34.
2236 3940 2339 4007 35„

178 4024 322 4081 tiam
360 4024 686 4081 Tuberonis
707 4065 721 4080 .

295 4140 478 4221 Vol.
531 4140 649 4225 II,-
1008 4177 1017 4186 ·
1730 4160 1821 4237 19
