3384 5134
873 507 1504 561 -ranrnlco
2100 517 2363 569 aox-

127 662 134 671 ·
163 622 366 683 tutae
393 661 414 677 .
447 606 590 680 Est
610 605 952 705 exemplo
979 608 1428 709 Polycrates
1449 604 1867 683 Samiorum
1892 620 2259 709 tyrannus
2276 620 2301 655 ¹

157 728 598 832 ingentibus
627 728 1024 828 praeditus
1045 741 1080 777 ⁸
1105 728 1372 828 opibus
1416 741 1492 801 et
1539 706 1869 803 omnium
1898 755 2309 831 quaecum-

162 873 308 949 que
358 843 762 927 intenderat
794 844 941 919 sine
973 844 1358 919 offensione
1379 845 1658 946 potitus
1683 903 1703 919 .
1744 844 2051 933 Nihilin
2084 860 2306 921 aetate

155 966 444 1065 agunda
475 966 638 1067 duri
667 980 791 1039 aut
810 967 1054 1041 acerbi
1079 980 1420 1067 expertus
1443 992 1592 1041 esse
1619 966 1891 1041 dicitur
1923 1002 1943 1041 ε
1969 969 2141 1069 quin
2172 966 2307 1043 sub

157 1113 427 1163 manus
444 1100 710 1179 cuncta
727 1110 920 1187 quae
942 1091 1193 1163 uoluit
1213 1112 1465 1189 prosus
1487 1088 2114 1191 redegitffuitque
2142 1086 2311 1159 bea-

157 1205 488 1281 tissimus
512 1260 532 1277 .
593 1208 890 1308 Quibus
919 1210 1014 1314 de
1044 1208 1268 1283 rebus
1309 1235 1433 1283 rex
1463 1210 1754 1284 Amasis
1786 1209 2153 1310 aegyptius
2182 1232 2305 1283 sa-

37 1392 46 1399 .
165 1326 382 1427 piens
403 1324 991 1399 fortunatissimis
1025 1326 1392 1429 consultus
1415 1382 1438 1421 ‚
1481 1328 1773 1429 scriptis
1834 1323 2309 1403 familiaribus

163 1446 471 1542 litteris5‘
483 1446 703 1521 suasit
726 1460 810 1519 ut
839 1448 1309 1549 semetipsum
1335 1448 1741 1523 uoluntario
1767 1444 2009 1549 aliquo
2036 1446 2303 1521 damno

155 1564 509 1643 multaret
530 1623 555 1664 .,
593 1592 820 1673 eoque
854 1566 1104 1642 dolore
1135 1572 1476 1645 inuidum
1499 1596 1770 1645 numen
1790 1570 2132 1671 placaret
2160 1624 2179 1640 .
2208 1565 2310 1643 Id

157 1712 336 1761 cum
355 1692 508 1763 non
533 1688 1016 1788 improbasset
1029 1688 1721 1788 Polycratesfforte
1744 1692 1813 1761 is
1833 1692 1913 1763 ln
1936 1712 2163 1763 aureo
2186 1684 2311 1759 ha-

157 1803 387 1878 bebat
407 1804 649 1900 anulo,
679 1807 1135 1905 manupretio
1169 1832 1466 1899 ⁸summo
1497 1802 1538 1857 h
1557 1861 1584 1903 ‚
1619 1806 1803 1881 facie
1822 1804 2091 1883 eximia
2118 1802 2309 1903 lapi-

159 1922 342 2023 dem
379 1923 838 2021 smaragdum
860 1978 878 1995 .
906 1927 1102 1999 Eum
1125 1904 1544 2025 Polycrates
1565 1924 1861 1999 anulum
1887 1949 2067 1999 naue
2096 1920 2311 2019 longa

21 2034 36 2047 ⁶
158 2044 244 2129 in
271 2042 498 2117 altum
524 2060 919 2148 prouectus
947 2060 1202 2147 sponte
1234 2046 1308 2119 in
1339 2072 1534 2121 mare
1566 2045 1859 2139 abiecit,
1882 2040 2070 2132 unde
2098 2064 2313 2113 num-

161 2192 391 2266 quam
519 2180 550 2215 c
585 2182 972 2265 emergeret
1007 2222 1026 2237 .
1082 2170 1270 2241 Tum
1307 2165 1508 2269 quod
1532 2168 1761 2241 sciens
1793 2180 2198 2267 sponteque
2222 2158 2311 2233 id

123 2289 496 2385 jecisset,
519 2288 880 2362 abiectum
907 2290 1212 2368 anulum
1237 2268 1461 2362 ualde
1493 2286 1789 2360 dolebat
1813 2339 1830 2356 .
1862 2285 2060 2373 Mox
2086 2307 2311 2381 gran·-

161 2411 340 2483 dem
354 2417 638 2512 piscem
661 2410 986 2511 piscator
1011 2402 1378 2513 [quidam]
1403 2423 1680 2501 nactus,
1700 2405 2074 2503 indignum
2100 2400 2309 2475 duxit

159 2530 264 2605 ad
289 2528 554 2605 uenalis
569 2530 869 2627 deferre,
894 2532 1022 2607 sed
1041 2531 1371 2629 dignitati
1393 2558 1645 2633 parens
1669 2528 1815 2628 regi
1838 2522 2107 2601 obtulit
2122 2578 2140 2594 .
2160 2520 2317 2593 Rex

159 2664 454 2749 gratum
485 2664 1006 2753 acceptumque
1047 2651 1302 2729 hahuit
1345 2646 1602 2754 [atque
1637 2649 1732 2724 ab
1765 2645 2003 2749 operis
2040 2640 2313 2716 culina-

165 2766 356 2874 riis]
394 2772 667 2873 apponi
702 2772 944 2847 iussit:
997 2800 1178 2875 quae
1213 2800 1378 2849 eum
1416 2775 1695 2876 piscem
1732 2750 2315 2843 contrectantes‘l

159 2890 466 2965 anulum
523 2890 692 2969 aluo
736 2906 1102 2994 repertum
1149 2892 1244 2967 ad
1289 2918 1526 2992 regem
1592 2890 1973 2989 gaudentes
2027 2882 2309 2963 detule-

163 3023 344 3082 runt
369 3065 391 3082 .
427 3012 621 3085 Tum
650 3010 1068 3111 Polycrates
1098 3010 1370 3087 litteras
1397 3011 1644 3086 ordine
1667 3008 1757 3083 de
1797 3032 1967 3083 casu
1991 3018 2066 3079 et
2092 3018 2309 3105 post-

167 3126 462 3203 liminio
515 3130 710 3205 anuli
742 3130 1176 3231 perscribtas
1209 3130 1304 3203 ad
1357 3154 1596 3229 regem
1657 3130 1839 3201 Ama
1852 3127 1993 3201 sim
2030 3122 2261 3197 mittit
2286 3176 2309 3195 .

173 3250 466 3327 Amasis
503 3274 842 3350 magnum
878 3266 952 3326 et
975 3266 1341 3326 maturum
1373 3249 1648 3325 malum
1675 3245 2047 3349 Polycrati
2074 3246 2315 3319 conie-

169 3382 378 3443 ctans
439 3371 840 3473 amicitiam
891 3372 1430 3474 hospitiumque
1481 3372 1834 3447 renuntiat
1868 3382 1919 3462 ‚'
1947 3379 2031 3441 ut
2082 3362 2313 3438 alieno

165 3490 420 3593 potius
451 3545 478 3585 ‚
529 3516 661 3567 suo
697 3518 914 3593 quam
951 3493 1232 3594 hospite
1263 3508 1336 3567 et
1369 3494 1612 3567 amico
1640 3549 1662 3589 .‚
1708 3491 2070 3565 fortunam
2100 3510 2313 3563 com·-

163 3624 529 3687 mutatam
566 3606 782 3716 [ipse]
810 3613 1048 3689 minus
1072 3640 1271 3713 aegre
1300 3600 1512 3687 ferret
1530 3668 1550 3683 .
1573 3613 1713 3686 Sed
1735 3610 2103 3685 somnium
2127 3604 2313 3681 filiae

167 3728 542 3832 Polycrati
563 3734 710 3807 iam
739 3748 899 3807 ante
927 3734 1194 3833 insigne
1227 3734 1580 3837 optigerat
1599 3788 1616 3805 .
1645 3733 1935 3805 Patrem
1966 3752 2175 3805 suum
2200 3727 2311 3801 ui·-

167 3848 344 3926 dere
373 3852 514 3929 sibi
541 3854 694 3927 uisa
736 3866 891 3928 erat
935 3868 1186 3955 aperto
1227 3839 1449 3954 'atque
1481 3852 1678 3925 edito
1712 3850 1885 3925 loco
1926 3846 2317 3923 sublimem

243 4046 290 4091 α’
317 4040 474 4093 'rann
503 4039 605 4095 fere
639 4055 714 4093 est
744 4042 921 4095 codicis
941 4040 1149 4097 lacuna.
1189 4044 1268 4095 Ita
1304 4057 1356 4094 et
1392 4044 1444 4094 iu
1485 4042 1799 4111 sequentibus
1824 4076 1838 4091 .
1910 4037 1943 4089 b
1975 4043 2177 4089 Summo
2218 4034 2307 4085 ui-

171 4108 388 4235 33:¹²⁸
455 4111 1104 4179 insecutione-nalum.
1173 4114 1424 4183 cSnpple
1465 4130 1621 4171 unum
1669 4114 1927 4177 uerbum.
1998 4106 2317 4162 etlumen

323 4299 348 4339 ι
398 4278 714 4361 Polycratis
743 4280 1044 4347 historiam
1089 4283 1252 4365 apud
1282 4282 1610 4367 complures
1642 4291 1907 4342 auctores
1933 4276 2115 4341 hahes
2130 4319 2156 4361 ς

691 4518 714 4557 ἱ
