3384 5134
1077 390 1220 488 196
1856 411 1901 461 A
1930 414 1973 459 o
2002 438 2007 443 ·
2062 412 2105 459 u
2138 414 2179 459 s
2204 414 2250 461 n
2278 414 2319 458 u
2352 412 2407 459 M

1047 514 1273 585 istum
1327 518 1540 582 tanto
1579 505 1956 583 meliorem
1990 534 2140 581 esse
2166 521 2437 607 quanto
2479 502 2573 581 sit
2602 489 3005 609 Ap‘olausto
3038 527 3057 561 ¹
3084 517 3201 588 si-

1048 631 1301 709 rfiilior
1325 686 1342 701 .
1369 628 1508 701 Sed
1537 628 1737 732 quod
1762 630 1913 703 sine
1945 630 2111 701 ioco
2142 641 2174 676 Β
2198 628 2673 723 dicatur‚iube
2698 630 3079 707 Ualerium
3096 638 3203 709 is-

1049 765 1208 825 tum
1263 748 1660 825 Antonium
1693 746 1863 822 dare
1918 748 2099 821 mihi
2142 743 2471 823 libellum
2495 802 2517 837 ,
2567 750 2674 822 uti
2722 752 3205 853 rescriptione

1046 896 1340 972 quoque
1375 884 1620 965 nostra
1657 870 1877 967 gratia
1915 870 2295 945 sententiae
2346 882 2634 944 nostrae
2665 872 2789 945 fiat
2818 929 2841 943 .
2895 874 3209 975 Epistu-

1046 992 1198 1067 lam
1227 1007 1429 1065 tuam
1458 1018 1745 1065 summa
1775 1016 1945 1065 cum
1978 990 2353 1097 uoluptate
2370 1004 2444 1063 et
2474 988 2687 1065 solita
2710 986 2747 1041 ¹²
2770 992 3205 1069 admiratio-

1047 1138 1138 1187 ne
1167 1110 1340 1209 legi.
1400 1110 1586 1186 Uale
1613 1167 1638 1207 ‚
1677 1113 1787 1185 mi
1820 1109 2215 1211 magister,
2268 1114 2487 1201 Uero,
2508 1126 2637 1187 tuo
2672 1112 3094 1189 dulcissime
3130 1128 3209 1187 et

957 1276 965 1283 ·
1055 1228 1423 1305 carissime
1443 1285 1463 1303 .

1673 1376 1828 1425 xn-
1920 1375 2307 1425 uAclsrno
2376 1378 2578 1426 uto·

1253 1588 1414 1683 ⁴Es·1·
1447 1587 1649 1689 quod
1691 1602 1928 1664 tecum
1980 1591 2285 1689 grauiter
2328 1560 2725 1690 conquerar
2747 1644 2772 1685 ,
2824 1593 2931 1663 mi
2970 1594 3207 1693 magi-

1053 1720 1198 1781 ster
1230 1763 1252 1803 .‚
1291 1720 1364 1781 et
1409 1707 1717 1807 quidem.
1757 1710 1861 1781 uti
1915 1708 2304 1809 querellam
2342 1706 2556 1782 dolor
2596 1725 2881 1811 superet
2925 1767 2947 1802 ,
3001 1714 3209 1813 quod

1053 1854 1188 1927 ego
1243 1841 1312 1900 te
1377 1842 1578 1902 tanto
1642 1841 1815 1930 post
1865 1828 2243 1903 interuallo
2297 1856 2429 1904 nec
2494 1831 2918 1931 complexus
2974 1858 3209 1933 neque

1057 1950 1338 2023 adfatus
1367 1950 1548 2041 sim3
1581 1974 1754 2023 cum
1780 1965 1853 2023 et
1883 1951 1955 2022 in
1990 1950 2339 2050 palatium
2363 1952 2633 2025 ueneris
2653 2007 2675 2045 ‚
2708 1968 2779 2024 et
2809 1966 3205 2052 postquam

1053 2096 1185 2167 ego
1216 2098 1256 2143 a
1289 2072 1602 2145 Domino
1629 2097 1799 2144 meo
1822 2060 2038 2145 fratre
2072 2072 2197 2143 uix
2226 2070 2404 2143 dum
2438 2071 2907 2145 discesseram
2926 2128 2942 2143 .
2974 2074 3211 2173 Equi-

1059 2186 1230 2265 dem
1285 2191 1602 2265 multum
1661 2192 1959 2266 fratrem
2008 2216 2253 2263 meum
2307 2190 2673 2288 obiurgaui
2713 2216 2841 2263 cur
2876 2216 2998 2265 me
3056 2220 3213 2265 non

1059 2310 1426 2383 reuocauit
1457 2344 1476 2381 ε
1527 2336 1759 2410 neque
1806 2308 2096 2409 culpam
2134 2308 2441 2382 abnuere
2494 2336 2701 2383 ausus
2736 2322 2847 2381 est
2876 2366 2891 2379 .
2954 2312 3210 2403 Quan-

1057 2441 1218 2501 tum
1241 2485 1263 2523 .,
1303 2456 1434 2503 oro
1466 2444 1537 2511 >te
1559 2487 1581 2526 ‚
1625 2433 1763 2505 fuit
1786 2446 1946 2505 ante
1980 2432 2159 2503 mihi
2184 2430 2577 2528 significare
2612 2486 2634 2524 .,
2672 2442 2741 2503 te
2764 2430 2858 2503 ad
2906 2430 3213 2505 fratrem

1059 2571 1308 2617 meum
1341 2602 1361 2618 .
1405 2602 1424 2618 .
1458 2558 1490 2595 c
1525 2574 1674 2621 esse
1705 2604 1727 2643 .,
1765 2548 1946 2621 uelle
1980 2559 2096 2621 m‘e
2128 2574 2415 2648 quoque
2478 2552 2701 2623 uisere
2738 2606 2760 2641 ‚
2826 2566 3211 2649 postremo

1065 2666 1296 2739 redire
1343 2692 1462 2739 me
1490 2668 1729 2743 iubere
1757 2726 1779 2764 ,
1836 2671 1941 2743 uti
1984 2669 2607 2744 confabularemur
2632 2662 2673 2745 ’.7
2725 2665 2920 2761 Quid
2954 2673 3158 2743 enim
3186 2726 3209 2763 ‚

1068 2785 1130 2858 si
1163 2810 1278 2857 me
1315 2784 1533 2879 hodie
1571 2787 1881 2863 domum
1912 2812 2223 2861 arcessas
2258 2842 2280 2880 ‚
2332 2814 2569 2861 nonne
2610 2788 2945 2863 omuibus
2980 2791 3265 2871 omis«,

1065 2902 1164 2975 sis
1199 2902 1454 2977 lubens
1489 2929 1775 2980 curram
1799 2900 1841 2981 ’.Ρ
1905 2908 2031 3009 qui
2079 2906 2373 3008 quidem
2424 2908 2811 3005 aegerrime
2862 2907 3162 2980 tulerim
3190 2962 3219 3002 ,

1067 3026 1268 3125 quod
1285 3054 1426 3103 non
1463 3030 1851 3113 cotidiead
1879 3046 1949 3105 te
1979 3055 2392 3104 commeem
2425 3062 2443 3099 ε
2493 3030 2666 3129 quin
2704 3029 3217 3125 grauissimum

1067 3146 1396 3221 stationis
1440 3166 1717 3224 nostrae
1744 3152 1819 3224 id
1842 3178 1991 3226 esse
2028 3150 2335 3224 arbitrer
2368 3203 2393 3244 .,
2428 3147 2631 3251 quod
2656 3148 2981 3223 ueniendi
3012 3148 3111 3220 ad
3150 3163 3219 3220 te

1069 3264 1250 3341 adeo
1273 3260 1364 3365 ‘¹³-
1401 3268 1653 3347 ..solus
1681 3328 1701 3345 .
1735 3330 1755 3345 .
1784 3332 1802 3347 .
1830 3272 1926 3348 ad
1951 3289 2019 3347 te
2044 3272 2425 3347 currissem
2452 3326 2471 3343 .
2500 3270 2715 3343 Nunc
2762 3293 2897 3342 oro
2962 3266 3225 3343 saltem

1135 3473 1172 3504 a
1207 3456 1326 3510 Cod.
1366 3457 1496 3518 loeo,
1526 3460 1548 3509 l
1577 3478 1670 3529 pro
1708 3466 1763 3523 ι’,
1793 3464 1929 3531 quod
1962 3462 2198 3514 utendum
2232 3460 2373 3511 lund
2418 3459 2560 3511 semel
2594 3461 2647 3510 in
2688 3458 2785 3507 hoc
2802 3456 2969 3507 codice
3006 3458 3219 3505 nonni.

1064 3522 1100 3573 b
1133 3526 1261 3577 olim
1303 3528 1470 3581 addidi
1505 3549 1618 3583 cum
1639 3569 1655 3591 ‚
1691 3535 1829 3602 quod
1876 3551 2037 3586 nmen
2085 3534 2222 3586 abent
2263 3550 2292 3582 a
2328 3530 2513 3583 nobedis
2540 3567 2552 3580 .
2622 3546 2653 3578 c
2684 3528 2873 3594 Supple
2899 3542 3058 3575 unum
3106 3544 3224 3575 uet-

1067 3594 1226 3648 bum.
1294 3600 1334 3649 d
1365 3603 1430 3652 ln
1465 3607 1779 3673 sequentihus
1812 3608 1996 3661 lacunis
2028 3606 2172 3673 periit
2209 3618 2364 3671 prope
2399 3605 2640 3671 integrum
2680 3597 3005 3649 laterculum.

1170 3766 1192 3803 ι
1241 3751 1588 3815 Histrionem
1619 3756 1777 3817 hunc
1808 3780 1935 3817 cum
1970 3756 2103 3836 plu·
2183 3766 2335 3813 extat
2424 3753 2725 3832 inscriptio
2800 3748 2961 3827 apud
3044 3750 3219 3808 Grut.

1075 3826 1238 3889 rimis
1272 3832 1398 3892 aliis
1431 3857 1462 3893 e
1495 3842 1658 3915 Syria
1693 3842 1882 3901 Verus
1918 3839 2104 3897 addu-
2188 3857 2439 3895 ccextu.
2464 3838 2519 3893 8.
2546 3842 2610 3897 L.
2647 3839 2894 3895 Aurelio
2916 3878 2929 3891 .
2952 3834 3221 3911 Apolau-

1073 3912 1195 3983 xit,
1231 3927 1288 3971 et
1327 3919 1709 3995 Apolaustum
1745 3922 2061 3981 nominauit
2084 3962 2098 3976 .
2183 3931 2272 3979 sto
2310 3922 2635 3999 ,Memphin
2669 3963 2682 3975 .
2720 3920 2915 3993 Augg.
2948 3914 3054 3973 lib.
3088 3916 3221 3971 Iu‘e-

1071 3994 1273 4071 (Ergo
1305 3998 1452 4059 haec
1485 4004 1734 4080 epistula
1770 4006 1983 4085 scripta
2018 4013 2104 4061 est
2182 4008 2417 4062 ronicae
2447 4044 2460 4056 .
2481 4012 2756 4062 coronato
2778 4040 2792 4054 .
2816 4011 2925 4056 etc.
2958 3998 3014 4053 A
3044 3998 3219 4053 Com·-

1071 4091 1204 4157 post
1230 4078 1447 4140 bellum
1482 4087 1882 4163 parthicum).
1920 4088 2104 4163 Capi-
2184 4085 2361 4143 modo
2394 4082 2495 4143 hic
2533 4082 2884 4165 Apolaustus
2932 4076 3221 4139 interem-

1068 4158 1178 4219 101·
1213 4160 1279 4221 in
1319 4164 1478 4229 Vero
1513 4188 1640 4253 cap.
1695 4192 1843 4234 vm.
1894 4168 2101 4230 Eidem
2182 4178 2321 4249 ptus
2361 4167 2507 4229 suit.
