<?xml version="1.0" encoding="UTF-8"?>
<!DOCTYPE html PUBLIC "-//W3C//DTD XHTML 1.0 Transitional//EN"
    "http://www.w3.org/TR/xhtml1/DTD/xhtml1-transitional.dtd">
<html xmlns="http://www.w3.org/1999/xhtml" xml:lang="en" lang="en">
 <head>
  <title>
</title>
<meta http-equiv="Content-Type" content="text/html;charset=utf-8" />
  <meta name='ocr-system' content='tesseract 3.04.00' />
  <meta name='ocr-capabilities' content='ocr_page ocr_carea ocr_par ocr_line ocrx_word'/>
</head>
<body>
  <div class='ocr_page' id='page_1' title='image "./mcorneliifronto00maigoog/mcorneliifronto00maigoog_0244.png"; bbox 0 0 3384 5134; ppageno 0'>
   <div class='ocr_carea' id='block_1_1' title="bbox 1169 428 3289 615">
    <p class='ocr_par' dir='ltr' id='par_1_1' title="bbox 1169 428 3289 615">
     <span class='ocr_line' id='line_1_1' title="bbox 1181 428 2583 487; baseline 0 -4"><span class='ocrx_word' id='word_1_1' title='bbox 1181 434 1318 485; x_wconf 68' lang='grc' dir='ltr'><strong>ια</strong></span> <span class='ocrx_word' id='word_1_2' title='bbox 1904 432 2020 487; x_wconf 65' lang='lat' dir='ltr'><strong>An</strong></span> <span class='ocrx_word' id='word_1_3' title='bbox 2109 428 2583 485; x_wconf 60' lang='lat' dir='ltr'><strong>utnun·1</strong></span> 
     </span>
     <span class='ocr_line' id='line_1_2' title="bbox 1169 434 3289 615; baseline 0.005 -27"><span class='ocrx_word' id='word_1_4' title='bbox 1169 434 1372 615; x_wconf 56' lang='lat' dir='ltr'><strong>pgter</strong></span> <span class='ocrx_word' id='word_1_5' title='bbox 1399 528 1632 589; x_wconf 82' lang='lat' dir='ltr'><strong>uester</strong></span> <span class='ocrx_word' id='word_1_6' title='bbox 1661 528 2037 614; x_wconf 87' lang='lat' dir='ltr'><strong>sumptum</strong></span> <span class='ocrx_word' id='word_1_7' title='bbox 2074 526 2440 615; x_wconf 81' lang='lat' dir='ltr'><strong>praeturae</strong></span> <span class='ocrx_word' id='word_1_8' title='bbox 2482 514 2573 589; x_wconf 87' lang='lat' dir='ltr'><strong>de</strong></span> <span class='ocrx_word' id='word_1_9' title='bbox 2604 518 2779 591; x_wconf 84' lang='lat' dir='ltr'><strong>fisco</strong></span> <span class='ocrx_word' id='word_1_10' title='bbox 2814 532 3053 597; x_wconf 85' lang='lat' dir='ltr'><strong>uestro</strong></span> <span class='ocrx_word' id='word_1_11' title='bbox 3124 551 3289 601; x_wconf 87' lang='lat' dir='ltr'><strong>cum</strong></span> 
     </span>
    </p>
   </div>
   <div class='ocr_carea' id='block_1_2' title="bbox 1031 631 3285 2399">
    <p class='ocr_par' dir='ltr' id='par_1_2' title="bbox 1031 631 3285 2399">
     <span class='ocr_line' id='line_1_3' title="bbox 1167 631 3285 735; baseline 0.005 -30"><span class='ocrx_word' id='word_1_12' title='bbox 1167 632 1622 735; x_wconf 81' lang='lat' dir='ltr'><strong>expedisset‚¹</strong></span> <span class='ocrx_word' id='word_1_13' title='bbox 1647 631 1771 705; x_wconf 84' lang='lat' dir='ltr'><strong>ubi</strong></span> <span class='ocrx_word' id='word_1_14' title='bbox 1801 634 2121 733; x_wconf 83' lang='lat' dir='ltr'><strong>primum</strong></span> <span class='ocrx_word' id='word_1_15' title='bbox 2152 634 2245 721; x_wconf 77' lang='lat' dir='ltr'><strong>in¹</strong></span> <span class='ocrx_word' id='word_1_16' title='bbox 2263 633 2515 710; x_wconf 87' lang='lat' dir='ltr'><strong>urbem</strong></span> <span class='ocrx_word' id='word_1_17' title='bbox 2552 634 2799 711; x_wconf 83' lang='lat' dir='ltr'><strong>Clarus</strong></span> <span class='ocrx_word' id='word_1_18' title='bbox 2828 642 3285 715; x_wconf 77' lang='lat' dir='ltr'><strong>oeconciliata</strong></span> 
     </span>
     <span class='ocr_line' id='line_1_4' title="bbox 1169 752 3279 857; baseline 0.004 -34"><span class='ocrx_word' id='word_1_19' title='bbox 1169 752 1306 825; x_wconf 87' lang='lat' dir='ltr'><strong>sibi</strong></span> <span class='ocrx_word' id='word_1_20' title='bbox 1335 752 1730 829; x_wconf 87' lang='lat' dir='ltr'><strong>ualetudine</strong></span> <span class='ocrx_word' id='word_1_21' title='bbox 1760 752 1947 827; x_wconf 82' lang='lat' dir='ltr'><strong>redit</strong></span> <span class='ocrx_word' id='word_1_22' title='bbox 1972 766 2003 802; x_wconf 73' lang='lat'>⁸</span> <span class='ocrx_word' id='word_1_23' title='bbox 2030 809 2055 847; x_wconf 82' lang='lat'><strong>‚</strong></span> <span class='ocrx_word' id='word_1_24' title='bbox 2112 779 2327 827; x_wconf 89' lang='lat' dir='ltr'><strong>omne</strong></span> <span class='ocrx_word' id='word_1_25' title='bbox 2360 756 2537 828; x_wconf 85' lang='lat' dir='ltr'><strong>fisco</strong></span> <span class='ocrx_word' id='word_1_26' title='bbox 2598 770 2833 830; x_wconf 88' lang='lat' dir='ltr'><strong>uestro</strong></span> <span class='ocrx_word' id='word_1_27' title='bbox 2880 760 3229 857; x_wconf 87' lang='lat' dir='ltr'><strong>persoluit</strong></span> <span class='ocrx_word' id='word_1_28' title='bbox 3260 819 3279 831; x_wconf 91' lang='lat'><strong>.</strong></span> 
     </span>
     <span class='ocr_line' id='line_1_5' title="bbox 1161 869 3283 971; baseline 0.003 -29"><span class='ocrx_word' id='word_1_29' title='bbox 1161 869 1365 943; x_wconf 85' lang='lat' dir='ltr'><strong>Nihil</strong></span> <span class='ocrx_word' id='word_1_30' title='bbox 1395 872 1537 945; x_wconf 87' lang='lat' dir='ltr'><strong>isto</strong></span> <span class='ocrx_word' id='word_1_31' title='bbox 1570 869 1867 945; x_wconf 88' lang='lat' dir='ltr'><strong>homine</strong></span> <span class='ocrx_word' id='word_1_32' title='bbox 1890 870 2274 946; x_wconf 87' lang='lat' dir='ltr'><strong>officiosius</strong></span> <span class='ocrx_word' id='word_1_33' title='bbox 2300 885 2447 966; x_wconf 81' lang='lat' dir='ltr'><strong>est,</strong></span> <span class='ocrx_word' id='word_1_34' title='bbox 2486 872 2666 945; x_wconf 89' lang='lat' dir='ltr'><strong>nihil</strong></span> <span class='ocrx_word' id='word_1_35' title='bbox 2702 872 3097 951; x_wconf 85' lang='lat' dir='ltr'><strong>modestius</strong></span> <span class='ocrx_word' id='word_1_36' title='bbox 3124 934 3149 971; x_wconf 87' lang='lat'><strong>.,</strong></span> <span class='ocrx_word' id='word_1_37' title='bbox 3184 880 3283 949; x_wconf 89' lang='lat' dir='ltr'><strong>ni-</strong></span> 
     </span>
     <span class='ocr_line' id='line_1_6' title="bbox 1031 986 3275 1092; baseline 0.005 -33"><span class='ocrx_word' id='word_1_38' title='bbox 1031 1034 1040 1049; x_wconf 79' lang='lat'><strong>·</strong></span> <span class='ocrx_word' id='word_1_39' title='bbox 1079 1056 1084 1065; x_wconf 85' lang='grc'>,</span> <span class='ocrx_word' id='word_1_40' title='bbox 1161 986 1269 1081; x_wconf 84' lang='lat' dir='ltr'><strong>hil</strong></span> <span class='ocrx_word' id='word_1_41' title='bbox 1290 986 1755 1063; x_wconf 90' lang='lat' dir='ltr'><strong>uerecundius</strong></span> <span class='ocrx_word' id='word_1_42' title='bbox 1788 1044 1808 1060; x_wconf 91' lang='lat'><strong>.</strong></span> <span class='ocrx_word' id='word_1_43' title='bbox 1840 990 2183 1065; x_wconf 82' lang='lat' dir='ltr'><strong>Liberalis</strong></span> <span class='ocrx_word' id='word_1_44' title='bbox 2220 992 2437 1065; x_wconf 87' lang='lat' dir='ltr'><strong>etiam</strong></span> <span class='ocrx_word' id='word_1_45' title='bbox 2462 1048 2486 1085; x_wconf 85' lang='lat'><strong>.‚</strong></span> <span class='ocrx_word' id='word_1_46' title='bbox 2524 992 2761 1092; x_wconf 81' lang='lat' dir='ltr'><strong>siquid</strong></span> <span class='ocrx_word' id='word_1_47' title='bbox 2791 994 2971 1066; x_wconf 86' lang='lat' dir='ltr'><strong>mihi</strong></span> <span class='ocrx_word' id='word_1_48' title='bbox 3003 996 3231 1069; x_wconf 84' lang='lat' dir='ltr'><strong>credis</strong></span> <span class='ocrx_word' id='word_1_49' title='bbox 3252 1052 3275 1089; x_wconf 83' lang='lat'>‚</span> 
     </span>
     <span class='ocr_line' id='line_1_7' title="bbox 1161 1107 3269 1213; baseline 0.004 -34"><span class='ocrx_word' id='word_1_50' title='bbox 1161 1121 1235 1180; x_wconf 90' lang='lat' dir='ltr'><strong>et</strong></span> <span class='ocrx_word' id='word_1_51' title='bbox 1279 1108 1354 1181; x_wconf 88' lang='lat' dir='ltr'><strong>in</strong></span> <span class='ocrx_word' id='word_1_52' title='bbox 1391 1122 1586 1183; x_wconf 84' lang='lat' dir='ltr'><strong>tanta</strong></span> <span class='ocrx_word' id='word_1_53' title='bbox 1627 1107 1961 1183; x_wconf 71' lang='lat' dir='ltr'><strong>tenuitate</strong></span> <span class='ocrx_word' id='word_1_54' title='bbox 1994 1164 2019 1204; x_wconf 55' lang='lat'><strong>2,</strong></span> <span class='ocrx_word' id='word_1_55' title='bbox 2070 1124 2417 1209; x_wconf 81' lang='lat' dir='ltr'><strong>quantum</strong></span> <span class='ocrx_word' id='word_1_56' title='bbox 2457 1136 2565 1183; x_wconf 90' lang='lat' dir='ltr'><strong>res</strong></span> <span class='ocrx_word' id='word_1_57' title='bbox 2612 1111 2879 1211; x_wconf 83' lang='lat' dir='ltr'><strong>patitur</strong></span> <span class='ocrx_word' id='word_1_58' title='bbox 2910 1168 2935 1208; x_wconf 79' lang='grc'><strong>.,</strong></span> <span class='ocrx_word' id='word_1_59' title='bbox 2988 1112 3221 1213; x_wconf 84' lang='lat' dir='ltr'><strong>largus</strong></span> <span class='ocrx_word' id='word_1_60' title='bbox 3252 1170 3269 1186; x_wconf 89' lang='lat'><strong>.</strong></span> 
     </span>
     <span class='ocr_line' id='line_1_8' title="bbox 1157 1210 3267 1333; baseline 0.003 -35"><span class='ocrx_word' id='word_1_61' title='bbox 1157 1226 1604 1328; x_wconf 78' lang='lat' dir='ltr'><strong>Simplicitas</strong></span> <span class='ocrx_word' id='word_1_62' title='bbox 1637 1284 1662 1321; x_wconf 89' lang='lat'><strong>.,</strong></span> <span class='ocrx_word' id='word_1_63' title='bbox 1716 1230 1999 1303; x_wconf 89' lang='lat' dir='ltr'><strong>castitas</strong></span> <span class='ocrx_word' id='word_1_64' title='bbox 2026 1284 2048 1323; x_wconf 78' lang='lat'><strong><em>‚</em></strong></span> <span class='ocrx_word' id='word_1_65' title='bbox 2100 1228 2363 1301; x_wconf 84' lang='lat' dir='ltr'><strong>ueritas</strong></span> <span class='ocrx_word' id='word_1_66' title='bbox 2395 1214 2429 1321; x_wconf 32' lang='lat'><strong>‚⁸</strong></span> <span class='ocrx_word' id='word_1_67' title='bbox 2472 1210 2647 1301; x_wconf 77' lang='lat' dir='ltr'><strong>fi‘des</strong></span> <span class='ocrx_word' id='word_1_68' title='bbox 2678 1254 2970 1305; x_wconf 85' lang='lat' dir='ltr'><strong>romana</strong></span> <span class='ocrx_word' id='word_1_69' title='bbox 3018 1232 3267 1333; x_wconf 82' lang='lat' dir='ltr'><strong>plane:</strong></span> 
     </span>
     <span class='ocr_line' id='line_1_9' title="bbox 1155 1346 3267 1448; baseline 0.003 -34"><span class='ocrx_word' id='word_1_70' title='bbox 1155 1350 1557 1443; x_wconf 50' lang='grc' dir='ltr'><strong>φιλοστοργία</strong></span> <span class='ocrx_word' id='word_1_71' title='bbox 1596 1372 1767 1420; x_wconf 90' lang='lat' dir='ltr'><strong>uero</strong></span> <span class='ocrx_word' id='word_1_72' title='bbox 1808 1348 2050 1419; x_wconf 89' lang='lat' dir='ltr'><strong>nescio</strong></span> <span class='ocrx_word' id='word_1_73' title='bbox 2102 1372 2190 1418; x_wconf 87' lang='lat' dir='ltr'><strong>an</strong></span> <span class='ocrx_word' id='word_1_74' title='bbox 2246 1370 2589 1440; x_wconf 75' lang='lat' dir='ltr'><strong>romana3</strong></span> <span class='ocrx_word' id='word_1_75' title='bbox 2632 1346 2899 1447; x_wconf 88' lang='lat' dir='ltr'><strong>quippe</strong></span> <span class='ocrx_word' id='word_1_76' title='bbox 2938 1351 3067 1448; x_wconf 90' lang='lat' dir='ltr'><strong>qui</strong></span> <span class='ocrx_word' id='word_1_77' title='bbox 3108 1349 3267 1423; x_wconf 86' lang='lat' dir='ltr'><strong>nihil</strong></span> 
     </span>
     <span class='ocr_line' id='line_1_10' title="bbox 1149 1461 3263 1566; baseline 0.003 -34"><span class='ocrx_word' id='word_1_78' title='bbox 1149 1461 1390 1549; x_wconf 80' lang='lat' dir='ltr'><strong>minus</strong></span> <span class='ocrx_word' id='word_1_79' title='bbox 1417 1462 1492 1536; x_wconf 89' lang='lat' dir='ltr'><strong>in</strong></span> <span class='ocrx_word' id='word_1_80' title='bbox 1525 1480 1676 1539; x_wconf 84' lang='lat' dir='ltr'><strong>tota</strong></span> <span class='ocrx_word' id='word_1_81' title='bbox 1708 1494 1867 1541; x_wconf 83' lang='lat' dir='ltr'><strong>mea</strong></span> <span class='ocrx_word' id='word_1_82' title='bbox 1905 1470 2051 1541; x_wconf 88' lang='lat' dir='ltr'><strong>uita</strong></span> <span class='ocrx_word' id='word_1_83' title='bbox 2091 1468 2364 1543; x_wconf 86' lang='lat' dir='ltr'><strong>Romae</strong></span> <span class='ocrx_word' id='word_1_84' title='bbox 2394 1467 2675 1566; x_wconf 84' lang='lat' dir='ltr'><strong>repperi</strong></span> <span class='ocrx_word' id='word_1_85' title='bbox 2710 1522 2734 1561; x_wconf 80' lang='lat'>‚</span> <span class='ocrx_word' id='word_1_86' title='bbox 2776 1493 2993 1566; x_wconf 90' lang='lat' dir='ltr'><strong>quam</strong></span> <span class='ocrx_word' id='word_1_87' title='bbox 3024 1468 3263 1543; x_wconf 88' lang='lat' dir='ltr'><strong>homi-</strong></span> 
     </span>
     <span class='ocr_line' id='line_1_11' title="bbox 1147 1581 3265 1691; baseline 0.003 -38"><span class='ocrx_word' id='word_1_88' title='bbox 1147 1606 1316 1655; x_wconf 87' lang='lat' dir='ltr'><strong>nem</strong></span> <span class='ocrx_word' id='word_1_89' title='bbox 1375 1581 1642 1659; x_wconf 87' lang='lat' dir='ltr'><strong>sincere</strong></span> <span class='ocrx_word' id='word_1_90' title='bbox 1714 1594 2115 1687; x_wconf 63' lang='grc' dir='ltr'><strong>φιλόστοργον</strong></span> <span class='ocrx_word' id='word_1_91' title='bbox 2158 1622 2176 1659; x_wconf 83' lang='lat'><em>=</em></span> <span class='ocrx_word' id='word_1_92' title='bbox 2230 1601 2311 1660; x_wconf 87' lang='lat' dir='ltr'><strong>ut</strong></span> <span class='ocrx_word' id='word_1_93' title='bbox 2332 1601 2585 1688; x_wconf 85' lang='lat' dir='ltr'><strong>putem</strong></span> <span class='ocrx_word' id='word_1_94' title='bbox 2616 1642 2641 1681; x_wconf 85' lang='lat'>,</span> <span class='ocrx_word' id='word_1_95' title='bbox 2682 1589 2849 1687; x_wconf 88' lang='lat' dir='ltr'><strong>quia</strong></span> <span class='ocrx_word' id='word_1_96' title='bbox 2872 1614 3123 1691; x_wconf 82' lang='lat' dir='ltr'><strong>reapse</strong></span> <span class='ocrx_word' id='word_1_97' title='bbox 3158 1614 3265 1659; x_wconf 87' lang='lat' dir='ltr'><strong>ne-</strong></span> 
     </span>
     <span class='ocr_line' id='line_1_12' title="bbox 1147 1703 3259 1809; baseline 0.002 -34"><span class='ocrx_word' id='word_1_98' title='bbox 1147 1726 1277 1775; x_wconf 92' lang='lat' dir='ltr'><strong>mo</strong></span> <span class='ocrx_word' id='word_1_99' title='bbox 1347 1703 1442 1777; x_wconf 89' lang='lat' dir='ltr'><strong>sit</strong></span> <span class='ocrx_word' id='word_1_100' title='bbox 1493 1707 1769 1782; x_wconf 87' lang='lat' dir='ltr'><strong>Romae</strong></span> <span class='ocrx_word' id='word_1_101' title='bbox 1819 1716 2216 1809; x_wconf 53' lang='grc' dir='ltr'><strong>φιλόστοργος</strong></span> <span class='ocrx_word' id='word_1_102' title='bbox 2252 1764 2275 1801; x_wconf 86' lang='grc'><strong>.,</strong></span> <span class='ocrx_word' id='word_1_103' title='bbox 2330 1734 2417 1781; x_wconf 89' lang='lat' dir='ltr'><strong>ne</strong></span> <span class='ocrx_word' id='word_1_104' title='bbox 2456 1732 2719 1782; x_wconf 88' lang='lat' dir='ltr'><strong>nomen</strong></span> <span class='ocrx_word' id='word_1_105' title='bbox 2757 1709 3053 1807; x_wconf 83' lang='lat' dir='ltr'><strong>quidem</strong></span> <span class='ocrx_word' id='word_1_106' title='bbox 3105 1708 3259 1780; x_wconf 87' lang='lat' dir='ltr'><strong>huic</strong></span> 
     </span>
     <span class='ocr_line' id='line_1_13' title="bbox 1131 1814 3259 1928; baseline 0 -33"><span class='ocrx_word' id='word_1_107' title='bbox 1131 1824 1394 1925; x_wconf 12' lang='lat' dir='ltr'><strong>‚uirtuti</strong></span> <span class='ocrx_word' id='word_1_108' title='bbox 1429 1852 1576 1901; x_wconf 89' lang='lat' dir='ltr'><strong>esse</strong></span> <span class='ocrx_word' id='word_1_109' title='bbox 1609 1814 1993 1903; x_wconf 86' lang='lat' dir='ltr'><strong>romanum</strong></span> <span class='ocrx_word' id='word_1_110' title='bbox 2025 1885 2044 1902; x_wconf 88' lang='lat'><strong><em>.</em></strong></span> <span class='ocrx_word' id='word_1_111' title='bbox 2100 1831 2309 1903; x_wconf 87' lang='lat' dir='ltr'><strong>Hunc</strong></span> <span class='ocrx_word' id='word_1_112' title='bbox 2346 1829 2478 1903; x_wconf 88' lang='lat' dir='ltr'><strong>tibi</strong></span> <span class='ocrx_word' id='word_1_113' title='bbox 2512 1884 2537 1921; x_wconf 85' lang='lat'><strong>.‚</strong></span> <span class='ocrx_word' id='word_1_114' title='bbox 2576 1829 2886 1903; x_wconf 85' lang='lat' dir='ltr'><strong>Domine</strong></span> <span class='ocrx_word' id='word_1_115' title='bbox 2923 1884 2947 1922; x_wconf 83' lang='lat'><strong>.‚</strong></span> <span class='ocrx_word' id='word_1_116' title='bbox 2990 1825 3259 1928; x_wconf 84' lang='lat' dir='ltr'><strong>quantis</strong></span> 
     </span>
     <span class='ocr_line' id='line_1_14' title="bbox 1139 1939 3255 2051; baseline -0 -35"><span class='ocrx_word' id='word_1_117' title='bbox 1139 1968 1442 2041; x_wconf 86' lang='lat' dir='ltr'><strong>possum</strong></span> <span class='ocrx_word' id='word_1_118' title='bbox 1475 1943 1809 2051; x_wconf 77' lang='lat' dir='ltr'><strong>precibus</strong></span> <span class='ocrx_word' id='word_1_119' title='bbox 1848 1944 1884 1999; x_wconf 80' lang='lat' dir='ltr'>b</span> <span class='ocrx_word' id='word_1_120' title='bbox 1931 1939 2367 2024; x_wconf 80' lang='lat' dir='ltr'><strong>commendo</strong></span> <span class='ocrx_word' id='word_1_121' title='bbox 2390 2004 2406 2019; x_wconf 90' lang='lat'><strong>.</strong></span> <span class='ocrx_word' id='word_1_122' title='bbox 2442 1948 2517 2019; x_wconf 93' lang='lat' dir='ltr'><strong>Si</strong></span> <span class='ocrx_word' id='word_1_123' title='bbox 2549 1972 2895 2049; x_wconf 84' lang='lat' dir='ltr'><strong>umquam</strong></span> <span class='ocrx_word' id='word_1_124' title='bbox 2936 1974 3053 2021; x_wconf 89' lang='lat' dir='ltr'><strong>me</strong></span> <span class='ocrx_word' id='word_1_125' title='bbox 3080 1972 3255 2021; x_wconf 83' lang='lat' dir='ltr'><strong>ama-</strong></span> 
     </span>
     <span class='ocr_line' id='line_1_15' title="bbox 1143 2050 3251 2168; baseline 0 -34"><span class='ocrx_word' id='word_1_126' title='bbox 1143 2050 1284 2156; x_wconf 33' lang='lat' dir='ltr'><strong>stiss</strong></span> <span class='ocrx_word' id='word_1_127' title='bbox 1319 2064 1464 2139; x_wconf 88' lang='lat' dir='ltr'><strong>siue</strong></span> <span class='ocrx_word' id='word_1_128' title='bbox 1499 2085 1861 2145; x_wconf 84' lang='lat' dir='ltr'><strong>amaturus</strong></span> <span class='ocrx_word' id='word_1_129' title='bbox 1892 2094 2239 2168; x_wconf 84' lang='lat' dir='ltr'><strong>umquam</strong></span> <span class='ocrx_word' id='word_1_130' title='bbox 2266 2094 2339 2141; x_wconf 66' lang='lat' dir='ltr'><strong>ee</strong></span> <span class='ocrx_word' id='word_1_131' title='bbox 2370 2123 2395 2160; x_wconf 88' lang='lat'><strong>.,</strong></span> <span class='ocrx_word' id='word_1_132' title='bbox 2450 2066 2645 2139; x_wconf 85' lang='lat' dir='ltr'><strong>hunc</strong></span> <span class='ocrx_word' id='word_1_133' title='bbox 2678 2095 2718 2139; x_wconf 85' lang='lat' dir='ltr'><strong>a</strong></span> <span class='ocrx_word' id='word_1_134' title='bbox 2748 2094 2863 2139; x_wconf 90' lang='lat' dir='ltr'><strong>me</strong></span> <span class='ocrx_word' id='word_1_135' title='bbox 2908 2068 3079 2141; x_wconf 85' lang='lat' dir='ltr'><strong>fidei</strong></span> <span class='ocrx_word' id='word_1_136' title='bbox 3116 2062 3251 2137; x_wconf 70' lang='lat' dir='ltr'><strong>[fiae</strong></span> 
     </span>
     <span class='ocr_line' id='line_1_16' title="bbox 1137 2182 3253 2285; baseline 0 -32"><span class='ocrx_word' id='word_1_137' title='bbox 1137 2192 1352 2281; x_wconf 86' lang='lat' dir='ltr'><strong>atque</strong></span> <span class='ocrx_word' id='word_1_138' title='bbox 1400 2187 1526 2285; x_wconf 89' lang='lat' dir='ltr'><strong>opi</strong></span> <span class='ocrx_word' id='word_1_139' title='bbox 1581 2188 1927 2264; x_wconf 83' lang='lat' dir='ltr'><strong>traditum</strong></span> <span class='ocrx_word' id='word_1_140' title='bbox 1993 2186 2249 2263; x_wconf 85' lang='lat' dir='ltr'><strong>tuearis</strong></span> <span class='ocrx_word' id='word_1_141' title='bbox 2286 2240 2307 2258; x_wconf 91' lang='lat'><strong><em>.</em></strong></span> <span class='ocrx_word' id='word_1_142' title='bbox 2364 2186 2678 2278; x_wconf 83' lang='lat' dir='ltr'><strong>Quaeras</strong></span> <span class='ocrx_word' id='word_1_143' title='bbox 2744 2186 3049 2261; x_wconf 85' lang='lat' dir='ltr'><strong>fortasse</strong></span> <span class='ocrx_word' id='word_1_144' title='bbox 3098 2182 3253 2285; x_wconf 87' lang='lat' dir='ltr'><strong>quid</strong></span> 
     </span>
     <span class='ocr_line' id='line_1_17' title="bbox 1139 2324 1390 2399; baseline 0.016 -28"><span class='ocrx_word' id='word_1_145' title='bbox 1139 2324 1276 2399; x_wconf 85' lang='lat' dir='ltr'><strong>pro</strong></span> <span class='ocrx_word' id='word_1_146' title='bbox 1303 2324 1390 2373; x_wconf 87' lang='lat' dir='ltr'><strong>eo</strong></span> 
     </span>
    </p>
   </div>
   <div class='ocr_carea' id='block_1_3' title="bbox 1520 2447 2903 2501">
    <p class='ocr_par' dir='ltr' id='par_1_3' title="bbox 1520 2447 2903 2501">
     <span class='ocr_line' id='line_1_18' title="bbox 1520 2447 2903 2501; baseline -0.004 -2"><span class='ocrx_word' id='word_1_147' title='bbox 1520 2450 1706 2500; x_wconf 75' lang='lat' dir='ltr'>vnl-</span> <span class='ocrx_word' id='word_1_148' title='bbox 1762 2451 1953 2499; x_wconf 78' lang='lat' dir='ltr'><strong>UERO</strong></span> <span class='ocrx_word' id='word_1_149' title='bbox 1992 2449 2333 2501; x_wconf 72' lang='lat' dir='ltr'>AUGUSTO</span> <span class='ocrx_word' id='word_1_150' title='bbox 2368 2447 2657 2495; x_wconf 74' lang='lat' dir='ltr'><strong>nomme</strong></span> <span class='ocrx_word' id='word_1_151' title='bbox 2692 2448 2847 2497; x_wconf 74' lang='lat' dir='ltr'><strong>MEO</strong></span> <span class='ocrx_word' id='word_1_152' title='bbox 2882 2478 2903 2494; x_wconf 88' lang='grc'><strong>.</strong></span> 
     </span>
    </p>
   </div>
   <div class='ocr_carea' id='block_1_4' title="bbox 1116 2655 3334 3599">
    <p class='ocr_par' dir='ltr' id='par_1_4' title="bbox 1116 2655 3334 3599">
     <span class='ocr_line' id='line_1_19' title="bbox 1336 2655 3334 2769; baseline -0.003 -32"><span class='ocrx_word' id='word_1_153' title='bbox 1336 2655 1412 2739; x_wconf 62' lang='grc' dir='ltr'><strong>ζ..</strong></span> <span class='ocrx_word' id='word_1_154' title='bbox 1429 2664 1867 2739; x_wconf 85' lang='lat' dir='ltr'><strong>desideretur</strong></span> <span class='ocrx_word' id='word_1_155' title='bbox 1888 2665 1948 2738; x_wconf 87' lang='lat' dir='ltr'><strong>is</strong></span> <span class='ocrx_word' id='word_1_156' title='bbox 1968 2664 2230 2755; x_wconf 81' lang='lat' dir='ltr'><strong>honor,</strong></span> <span class='ocrx_word' id='word_1_157' title='bbox 2258 2687 2403 2761; x_wconf 89' lang='lat' dir='ltr'><strong>quo</strong></span> <span class='ocrx_word' id='word_1_158' title='bbox 2437 2663 2703 2761; x_wconf 85' lang='lat' dir='ltr'><strong>pariter</strong></span> <span class='ocrx_word' id='word_1_159' title='bbox 2729 2662 3027 2763; x_wconf 69' lang='lat' dir='ltr'><strong>quisque</strong></span> <span class='ocrx_word' id='word_1_160' title='bbox 3052 2694 3247 2769; x_wconf 79' lang='lat' dir='ltr'><strong>expe·</strong></span> <span class='ocrx_word' id='word_1_161' title='bbox 3332 2662 3334 2732; x_wconf 60' lang='lat'>1</span> 
     </span>
     <span class='ocr_line' id='line_1_20' title="bbox 1127 2780 3239 2883; baseline -0.001 -24"><span class='ocrx_word' id='word_1_162' title='bbox 1127 2785 1222 2859; x_wconf 84' lang='lat' dir='ltr'><strong>tit</strong></span> <span class='ocrx_word' id='word_1_163' title='bbox 1249 2838 1268 2872; x_wconf 90' lang='lat'>‚</span> <span class='ocrx_word' id='word_1_164' title='bbox 1323 2784 1557 2882; x_wconf 83' lang='lat' dir='ltr'><strong>siquid</strong></span> <span class='ocrx_word' id='word_1_165' title='bbox 1593 2784 1885 2857; x_wconf 89' lang='lat' dir='ltr'><strong>honoris</strong></span> <span class='ocrx_word' id='word_1_166' title='bbox 1920 2783 2075 2856; x_wconf 85' lang='lat' dir='ltr'><strong>aliis</strong></span> <span class='ocrx_word' id='word_1_167' title='bbox 2106 2781 2563 2883; x_wconf 89' lang='lat' dir='ltr'><strong>impertitum</strong></span> <span class='ocrx_word' id='word_1_168' title='bbox 2594 2780 2833 2855; x_wconf 87' lang='lat' dir='ltr'><strong>uideat</strong></span> <span class='ocrx_word' id='word_1_169' title='bbox 2867 2837 2884 2851; x_wconf 93' lang='lat'>.</span> <span class='ocrx_word' id='word_1_170' title='bbox 2925 2782 3239 2859; x_wconf 82' lang='lat' dir='ltr'><strong>Probasu‘</strong></span> 
     </span>
     <span class='ocr_line' id='line_1_21' title="bbox 1127 2898 3243 3006; baseline 0 -31"><span class='ocrx_word' id='word_1_171' title='bbox 1127 2929 1245 2975; x_wconf 93' lang='lat' dir='ltr'><strong>me</strong></span> <span class='ocrx_word' id='word_1_172' title='bbox 1277 2902 1715 3003; x_wconf 81' lang='lat' dir='ltr'><strong>laudastique</strong></span> <span class='ocrx_word' id='word_1_173' title='bbox 1740 2903 2127 2978; x_wconf 90' lang='lat' dir='ltr'><strong>consilium</strong></span> <span class='ocrx_word' id='word_1_174' title='bbox 2146 2958 2169 2996; x_wconf 79' lang='lat'>‚</span> <span class='ocrx_word' id='word_1_175' title='bbox 2198 2928 2426 3003; x_wconf 84' lang='lat' dir='ltr'><strong>neque</strong></span> <span class='ocrx_word' id='word_1_176' title='bbox 2450 2916 2687 2975; x_wconf 79' lang='lat' dir='ltr'><strong>tamen</strong></span> <span class='ocrx_word' id='word_1_177' title='bbox 2719 2898 2955 2975; x_wconf 90' lang='lat' dir='ltr'><strong>triduo</strong></span> <span class='ocrx_word' id='word_1_178' title='bbox 2984 2906 3243 3006; x_wconf 84' lang='lat' dir='ltr'><strong>ampli-</strong></span> 
     </span>
     <span class='ocr_line' id='line_1_22' title="bbox 1126 3018 3243 3123; baseline -0.005 -20"><span class='ocrx_word' id='word_1_179' title='bbox 1126 3049 1212 3103; x_wconf 87' lang='lat' dir='ltr'><strong>us</strong></span> <span class='ocrx_word' id='word_1_180' title='bbox 1263 3021 1380 3096; x_wconf 90' lang='lat' dir='ltr'><strong>uel</strong></span> <span class='ocrx_word' id='word_1_181' title='bbox 1419 3022 1799 3123; x_wconf 79' lang='lat' dir='ltr'><strong>quatriduo</strong></span> <span class='ocrx_word' id='word_1_182' title='bbox 1852 3024 1931 3097; x_wconf 94' lang='lat' dir='ltr'><strong>id</strong></span> <span class='ocrx_word' id='word_1_183' title='bbox 1982 3052 2023 3097; x_wconf 89' lang='lat' dir='ltr'><strong>a</strong></span> <span class='ocrx_word' id='word_1_184' title='bbox 2078 3039 2147 3097; x_wconf 88' lang='lat' dir='ltr'><strong>te</strong></span> <span class='ocrx_word' id='word_1_185' title='bbox 2200 3018 2523 3123; x_wconf 75' lang='lat' dir='ltr'><strong>optinere</strong></span> <span class='ocrx_word' id='word_1_186' title='bbox 2558 3022 2907 3122; x_wconf 78' lang='lat' dir='ltr'><strong>potuisti,</strong></span> <span class='ocrx_word' id='word_1_187' title='bbox 2962 3040 3052 3097; x_wconf 89' lang='lat' dir='ltr'><strong>ut</strong></span> <span class='ocrx_word' id='word_1_188' title='bbox 3080 3024 3243 3097; x_wconf 83' lang='lat' dir='ltr'><strong>mihi</strong></span> 
     </span>
     <span class='ocr_line' id='line_1_23' title="bbox 1123 3140 3239 3249; baseline -0.005 -26"><span class='ocrx_word' id='word_1_189' title='bbox 1123 3142 1346 3223; x_wconf 73' lang='lat' dir='ltr'><strong>uerbo</strong></span> <span class='ocrx_word' id='word_1_190' title='bbox 1387 3144 1685 3217; x_wconf 85' lang='lat' dir='ltr'><strong>salutem</strong></span> <span class='ocrx_word' id='word_1_191' title='bbox 1718 3142 2175 3249; x_wconf 85' lang='lat' dir='ltr'><strong>responderes</strong></span> <span class='ocrx_word' id='word_1_192' title='bbox 2212 3172 2234 3236; x_wconf 69' lang='grc' dir='ltr'><strong>ς</strong></span> <span class='ocrx_word' id='word_1_193' title='bbox 2288 3140 2415 3215; x_wconf 89' lang='lat' dir='ltr'><strong>sed</strong></span> <span class='ocrx_word' id='word_1_194' title='bbox 2438 3142 2537 3215; x_wconf 88' lang='lat' dir='ltr'><strong>ita</strong></span> <span class='ocrx_word' id='word_1_195' title='bbox 2567 3142 2988 3241; x_wconf 83' lang='lat' dir='ltr'><strong>excogitasti</strong></span> <span class='ocrx_word' id='word_1_196' title='bbox 3029 3178 3049 3214; x_wconf 85' lang='lat'>=</span> <span class='ocrx_word' id='word_1_197' title='bbox 3100 3144 3239 3242; x_wconf 86' lang='lat' dir='ltr'><strong>pri-</strong></span> 
     </span>
     <span class='ocr_line' id='line_1_24' title="bbox 1121 3260 3241 3357; baseline -0.003 -20"><span class='ocrx_word' id='word_1_198' title='bbox 1121 3288 1332 3338; x_wconf 91' lang='lat' dir='ltr'><strong>mum</strong></span> <span class='ocrx_word' id='word_1_199' title='bbox 1385 3289 1502 3337; x_wconf 89' lang='lat' dir='ltr'><strong>me</strong></span> <span class='ocrx_word' id='word_1_200' title='bbox 1561 3262 1949 3336; x_wconf 81' lang='lat' dir='ltr'><strong>intromitti</strong></span> <span class='ocrx_word' id='word_1_201' title='bbox 1983 3263 2057 3335; x_wconf 88' lang='lat' dir='ltr'><strong>in</strong></span> <span class='ocrx_word' id='word_1_202' title='bbox 2107 3260 2525 3357; x_wconf 86' lang='lat' dir='ltr'><strong>cubiculum</strong></span> <span class='ocrx_word' id='word_1_203' title='bbox 2575 3260 2869 3335; x_wconf 86' lang='lat' dir='ltr'><strong>iubebas</strong></span> <span class='ocrx_word' id='word_1_204' title='bbox 2905 3293 2925 3332; x_wconf 71' lang='grc' dir='ltr'><strong>ε</strong></span> <span class='ocrx_word' id='word_1_205' title='bbox 2963 3262 3073 3333; x_wconf 83' lang='lat' dir='ltr'><strong>ita</strong></span> <span class='ocrx_word' id='word_1_206' title='bbox 3110 3262 3241 3335; x_wconf 83' lang='lat' dir='ltr'><strong>sinc</strong></span> 
     </span>
     <span class='ocr_line' id='line_1_25' title="bbox 1124 3380 3237 3485; baseline 0 -30"><span class='ocrx_word' id='word_1_207' title='bbox 1124 3384 1548 3485; x_wconf 86' lang='lat' dir='ltr'><strong>cuiusquam</strong></span> <span class='ocrx_word' id='word_1_208' title='bbox 1580 3382 1853 3456; x_wconf 87' lang='lat' dir='ltr'><strong>inuidia</strong></span> <span class='ocrx_word' id='word_1_209' title='bbox 1892 3380 2221 3457; x_wconf 86' lang='lat' dir='ltr'><strong>osculum</strong></span> <span class='ocrx_word' id='word_1_210' title='bbox 2256 3380 2473 3455; x_wconf 81' lang='lat' dir='ltr'><strong>dabas</strong></span> <span class='ocrx_word' id='word_1_211' title='bbox 2509 3412 2531 3475; x_wconf 89' lang='grc'><strong>.·,</strong></span> <span class='ocrx_word' id='word_1_212' title='bbox 2570 3380 2786 3454; x_wconf 87' lang='lat' dir='ltr'><strong>credo</strong></span> <span class='ocrx_word' id='word_1_213' title='bbox 2820 3382 2919 3455; x_wconf 87' lang='lat' dir='ltr'><strong>ita</strong></span> <span class='ocrx_word' id='word_1_214' title='bbox 2954 3406 3183 3479; x_wconf 83' lang='lat' dir='ltr'><strong>quom</strong></span> <span class='ocrx_word' id='word_1_215' title='bbox 3212 3390 3237 3425; x_wconf 81' lang='lat'><strong><em>⁶</em></strong></span> 
     </span>
     <span class='ocr_line' id='line_1_26' title="bbox 1116 3497 3233 3599; baseline -0.003 -25"><span class='ocrx_word' id='word_1_216' title='bbox 1116 3502 1358 3575; x_wconf 85' lang='lat' dir='ltr'><strong>animo</strong></span> <span class='ocrx_word' id='word_1_217' title='bbox 1397 3513 1522 3574; x_wconf 88' lang='lat' dir='ltr'><strong>tuo</strong></span> <span class='ocrx_word' id='word_1_218' title='bbox 1547 3513 1918 3599; x_wconf 85' lang='lat' dir='ltr'><strong>reputans:</strong></span> <span class='ocrx_word' id='word_1_219' title='bbox 1952 3499 2175 3593; x_wconf 80' lang='lat' dir='ltr'><strong>mihi,</strong></span> <span class='ocrx_word' id='word_1_220' title='bbox 2212 3499 2331 3571; x_wconf 89' lang='lat' dir='ltr'><strong>cui</strong></span> <span class='ocrx_word' id='word_1_221' title='bbox 2367 3521 2613 3571; x_wconf 88' lang='lat' dir='ltr'><strong>curam</strong></span> <span class='ocrx_word' id='word_1_222' title='bbox 2650 3497 3073 3599; x_wconf 88' lang='lat' dir='ltr'><strong>cultumque</strong></span> <span class='ocrx_word' id='word_1_223' title='bbox 3106 3512 3233 3569; x_wconf 82' lang='lat' dir='ltr'><strong>tra-</strong></span> 
     </span>
    </p>
   </div>
   <div class='ocr_carea' id='block_1_5' title="bbox 1113 3619 3232 3970">
    <p class='ocr_par' dir='ltr' id='par_1_5' title="bbox 1113 3619 3232 3970">
     <span class='ocr_line' id='line_1_27' title="bbox 1119 3619 3232 3731; baseline -0.003 -29"><span class='ocrx_word' id='word_1_224' title='bbox 1119 3628 1414 3703; x_wconf 87' lang='lat' dir='ltr'><strong>didisses</strong></span> <span class='ocrx_word' id='word_1_225' title='bbox 1459 3632 1604 3705; x_wconf 88' lang='lat' dir='ltr'><strong>oris</strong></span> <span class='ocrx_word' id='word_1_226' title='bbox 1639 3645 1851 3731; x_wconf 87' lang='lat' dir='ltr'><strong>atque</strong></span> <span class='ocrx_word' id='word_1_227' title='bbox 1880 3630 2221 3705; x_wconf 85' lang='lat' dir='ltr'><strong>orationis</strong></span> <span class='ocrx_word' id='word_1_228' title='bbox 2254 3642 2412 3702; x_wconf 88' lang='lat' dir='ltr'><strong>tuae</strong></span> <span class='ocrx_word' id='word_1_229' title='bbox 2440 3679 2460 3719; x_wconf 90' lang='lat'>,</span> <span class='ocrx_word' id='word_1_230' title='bbox 2488 3628 2599 3699; x_wconf 91' lang='lat' dir='ltr'><strong>ius</strong></span> <span class='ocrx_word' id='word_1_231' title='bbox 2643 3619 3011 3729; x_wconf 81' lang='lat' dir='ltr'><strong>[qquque</strong></span> <span class='ocrx_word' id='word_1_232' title='bbox 3041 3648 3232 3700; x_wconf 87' lang='lat' dir='ltr'><strong>oscu-</strong></span> 
     </span>
     <span class='ocr_line' id='line_1_28' title="bbox 1113 3738 3227 3854; baseline -0.004 -38"><span class='ocrx_word' id='word_1_233' title='bbox 1113 3746 1166 3817; x_wconf 92' lang='lat' dir='ltr'><strong>li</strong></span> <span class='ocrx_word' id='word_1_234' title='bbox 1211 3746 1618 3821; x_wconf 83' lang='lat' dir='ltr'><strong>habcndum</strong></span> <span class='ocrx_word' id='word_1_235' title='bbox 1657 3782 1675 3819; x_wconf 72' lang='grc' dir='ltr'><em>ε</em></span> <span class='ocrx_word' id='word_1_236' title='bbox 1731 3748 2104 3847; x_wconf 86' lang='lat' dir='ltr'><strong>omnisque</strong></span> <span class='ocrx_word' id='word_1_237' title='bbox 2159 3739 2673 3854; x_wconf 85' lang='lat' dir='ltr'><strong>eloquenti[ae]</strong></span> <span class='ocrx_word' id='word_1_238' title='bbox 2732 3743 3114 3840; x_wconf 83' lang='lat' dir='ltr'><strong>magistros</strong></span> <span class='ocrx_word' id='word_1_239' title='bbox 3135 3738 3227 3812; x_wconf 91' lang='lat' dir='ltr'><strong>sui</strong></span> 
     </span>
     <span class='ocr_line' id='line_1_29' title="bbox 1120 3854 3223 3970; baseline -0.002 -34"><span class='ocrx_word' id='word_1_240' title='bbox 1120 3854 1352 3969; x_wconf 86' lang='lat' dir='ltr'><strong>[lege&#39;]</strong></span> <span class='ocrx_word' id='word_1_241' title='bbox 1393 3868 1708 3941; x_wconf 85' lang='lat' dir='ltr'><strong>fructum</strong></span> <span class='ocrx_word' id='word_1_242' title='bbox 1780 3862 2070 3970; x_wconf 86' lang='lat' dir='ltr'><strong>cap[ere</strong></span> <span class='ocrx_word' id='word_1_243' title='bbox 2104 3860 2401 3967; x_wconf 82' lang='lat' dir='ltr'><strong>saltem]</strong></span> <span class='ocrx_word' id='word_1_244' title='bbox 2441 3866 2518 3937; x_wconf 89' lang='lat' dir='ltr'><strong>in</strong></span> <span class='ocrx_word' id='word_1_245' title='bbox 2558 3863 2758 3937; x_wconf 87' lang='lat' dir='ltr'><strong>uocis</strong></span> <span class='ocrx_word' id='word_1_246' title='bbox 2792 3863 2993 3937; x_wconf 86' lang='lat' dir='ltr'><strong>aditu</strong></span> <span class='ocrx_word' id='word_1_247' title='bbox 3038 3861 3223 3934; x_wconf 81' lang='lat' dir='ltr'><strong>loca·-</strong></span> 
     </span>
    </p>
   </div>
   <div class='ocr_carea' id='block_1_6' title="bbox 3316 2788 3333 3282">
    <p class='ocr_par' dir='ltr' id='par_1_6' title="bbox 3316 2788 3333 3282">
     <span class='ocr_line' id='line_1_30' title="bbox 3316 2788 3333 3282; baseline 0 1852"><span class='ocrx_word' id='word_1_248' title='bbox 3316 2788 3333 3282; x_wconf 95' lang='lat' dir='ltr'><strong> </strong></span> 
     </span>
    </p>
   </div>
   <div class='ocr_carea' id='block_1_7' title="bbox 1205 4036 3077 4113">
    <p class='ocr_par' dir='ltr' id='par_1_7' title="bbox 1205 4036 3077 4113">
     <span class='ocr_line' id='line_1_31' title="bbox 1205 4036 3077 4113; baseline 0 -24"><span class='ocrx_word' id='word_1_249' title='bbox 1205 4056 1250 4105; x_wconf 74' lang='grc' dir='ltr'><strong>ρ</strong></span> <span class='ocrx_word' id='word_1_250' title='bbox 1285 4040 1360 4089; x_wconf 73' lang='lat' dir='ltr'><strong>It·</strong></span> <span class='ocrx_word' id='word_1_251' title='bbox 1388 4040 1497 4095; x_wconf 78' lang='lat' dir='ltr'><strong>cod.</strong></span> <span class='ocrx_word' id='word_1_252' title='bbox 1563 4042 1593 4093; x_wconf 74' lang='lat' dir='ltr'><em>b</em></span> <span class='ocrx_word' id='word_1_253' title='bbox 1631 4043 1737 4093; x_wconf 84' lang='lat' dir='ltr'><strong>Cod</strong></span> <span class='ocrx_word' id='word_1_254' title='bbox 1755 4038 2056 4113; x_wconf 72' lang='lat' dir='ltr'><strong>praecibus.</strong></span> <span class='ocrx_word' id='word_1_255' title='bbox 2124 4056 2154 4089; x_wconf 83' lang='lat' dir='ltr'><strong>c</strong></span> <span class='ocrx_word' id='word_1_256' title='bbox 2187 4039 2261 4089; x_wconf 71' lang='lat' dir='ltr'><strong>Iu</strong></span> <span class='ocrx_word' id='word_1_257' title='bbox 2302 4036 2411 4089; x_wconf 74' lang='lat' dir='ltr'><strong>cod.</strong></span> <span class='ocrx_word' id='word_1_258' title='bbox 2453 4049 2499 4089; x_wconf 81' lang='lat'><strong>1.</strong></span> <span class='ocrx_word' id='word_1_259' title='bbox 2542 4054 2729 4101; x_wconf 57' lang='lat' dir='ltr'><strong>mann</strong></span> <span class='ocrx_word' id='word_1_260' title='bbox 2764 4050 2813 4087; x_wconf 73' lang='lat' dir='ltr'><strong>at</strong></span> <span class='ocrx_word' id='word_1_261' title='bbox 2844 4052 2895 4091; x_wconf 73' lang='lat' dir='ltr'><strong>a.</strong></span> <span class='ocrx_word' id='word_1_262' title='bbox 2922 4052 3036 4091; x_wconf 66' lang='lat' dir='ltr'><strong>am</strong></span> <span class='ocrx_word' id='word_1_263' title='bbox 3058 4066 3077 4089; x_wconf 71' lang='grc' dir='ltr'><strong><em>ο</em></strong></span> 
     </span>
    </p>
   </div>
   <div class='ocr_carea' id='block_1_8' title="bbox 1201 4156 2498 4267">
    <p class='ocr_par' dir='ltr' id='par_1_8' title="bbox 1201 4156 2498 4267">
     <span class='ocr_line' id='line_1_32' title="bbox 1201 4156 2498 4267; baseline -0.003 -26"><span class='ocrx_word' id='word_1_264' title='bbox 1201 4197 1225 4251; x_wconf 65' lang='grc' dir='ltr'>ι</span> <span class='ocrx_word' id='word_1_265' title='bbox 1273 4179 1485 4249; x_wconf 75' lang='lat' dir='ltr'><strong>Confer</strong></span> <span class='ocrx_word' id='word_1_266' title='bbox 1516 4181 1593 4245; x_wconf 83' lang='lat' dir='ltr'><strong>ad</strong></span> <span class='ocrx_word' id='word_1_267' title='bbox 1629 4156 1918 4243; x_wconf 55' lang='lat' dir='ltr'><strong>dafenes.</strong></span> <span class='ocrx_word' id='word_1_268' title='bbox 1940 4182 2015 4240; x_wconf 91' lang='lat'><strong>11.</strong></span> <span class='ocrx_word' id='word_1_269' title='bbox 2056 4187 2109 4253; x_wconf 75' lang='lat'><strong>4.</strong></span> <span class='ocrx_word' id='word_1_270' title='bbox 2142 4200 2203 4267; x_wconf 74' lang='lat' dir='ltr'><strong>P:</strong></span> <span class='ocrx_word' id='word_1_271' title='bbox 2245 4180 2335 4250; x_wconf 75' lang='lat'><strong>46.</strong></span> <span class='ocrx_word' id='word_1_272' title='bbox 2366 4196 2498 4241; x_wconf 70' lang='lat' dir='ltr'><strong>n-n.</strong></span> 
     </span>
    </p>
   </div>
   <div class='ocr_carea' id='block_1_9' title="bbox 3309 3844 3321 4285">
    <p class='ocr_par' dir='ltr' id='par_1_9' title="bbox 3309 3844 3321 4285">
     <span class='ocr_line' id='line_1_33' title="bbox 3309 3844 3321 4285; baseline 0 849"><span class='ocrx_word' id='word_1_273' title='bbox 3309 3844 3321 4285; x_wconf 95' lang='lat' dir='ltr'><strong> </strong></span> 
     </span>
    </p>
   </div>
   <div class='ocr_carea' id='block_1_10' title="bbox 3306 4285 3316 5056">
    <p class='ocr_par' dir='ltr' id='par_1_10' title="bbox 3306 4285 3316 5056">
     <span class='ocr_line' id='line_1_34' title="bbox 3306 4285 3316 5056; baseline 0 0"><span class='ocrx_word' id='word_1_274' title='bbox 3306 4285 3316 5056; x_wconf 95' lang='lat' dir='ltr'><strong> </strong></span> 
     </span>
    </p>
   </div>
  </div>
 </body>
</html>
