3384 5134
990 438 1055 489 ·1.
1085 442 1110 493 1
1139 442 1176 489 n
1197 446 1243 491 s
1272 423 1316 491 t
1388 444 1454 492 ιι
2166 422 2301 501 163

164 594 214 636 „
267 536 764 643 rumpendum
797 530 1047 632 dedit3
1106 534 1232 611 sed
1285 538 1392 611 uti
1433 563 1596 611 mos
1637 540 1864 636 gentis
1896 537 2087 613 illius
2141 556 2252 614 est
2282 598 2307 635 ‚

165 721 216 763 „
268 665 594 765 equitare
627 715 652 753 .,
691 656 990 731 iaculari
1024 715 1047 754 .,
1085 684 1296 733 cursu
1327 684 1500 733 cum
1540 659 1949 759 aequalibus
1989 674 2255 735 certare
2285 696 2306 733 ε

167 842 222 881 „
279 798 358 857 et
383 806 560 855 cum
577 781 816 855 omnis
843 777 1066 876 gloria
1091 782 1388 861 anteiret
1411 836 1432 874 ‚
1467 782 1807 857 omuibus
1835 798 2072 857 tamen
2104 806 2310 855 carus

167 962 221 1001 „
277 930 434 979 esse
473 958 494 975 .
530 902 646 975 Ad
671 902 816 975 hoc
849 899 1190 1002 pleraque
1219 916 1548 1006 tempora
1598 904 1672 977 in
1700 904 2032 979 uenando
2064 930 2311 1005 agere,

169 1078 224 1120 „
281 1024 570 1098 leonem
593 1037 808 1121 atque
831 1021 1006 1095 alias
1037 1022 1218 1096 feras
1246 1024 1528 1124 primus
1555 1037 1681 1096 aut
1708 1026 2056 1126 inprimis
2074 1024 2310 1117 ferire,

163 1198 224 1241 ‚,
281 1145 688 1245 plurimum
713 1141 946 1215 facere
963 1197 986 1236 ‚
1013 1144 1400 1217 minimum
1435 1145 1586 1244 ipse
1607 1144 1699 1219 de
1724 1170 1797 1219 se
1828 1144 2031 1247 loqui
2056 1202 2075 1217 .
2105 1146 2209 1219 Na

379 1270 592 1340 Artes
685 1265 1176 1365 inperator-iae
1213 1266 1521 1341 “honore
1587 1260 1952 1370 [summo
1992 1264 2028 1371 ]
2090 1268 2308 1341 hahi-

163 1402 290 1461 tae
330 1442 347 1457 .
405 1442 424 1457 .
463 1386 642 1488 quid
683 1442 702 1457 .
766 1442 785 1457 .
826 1404 1110 1487 sperent
1147 1443 1164 1457 .
1217 1442 1234 1459 .
1273 1382 1437 1489 ab[
1483 1382 1692 1491 per]
1738 1442 1757 1459 .
1812 1442 1829 1457 .
1872 1386 2012 1460 tibi
2064 1402 2231 1477 nat.
2290 1440 2313 1459 .

163 1505 228 1579 is
254 1559 302 1575 ..
335 1506 466 1605 qui
497 1518 654 1579 tum
683 1560 727 1577 ..
763 1534 916 1581 rem
945 1562 990 1578 ..
1031 1510 1270 1582 omnia
1306 1562 1350 1579 ..
1381 1509 1490 1580 Ne
1523 1508 1710 1606 agi-ei
1746 1508 2039 1608 quidem
2076 1508 2317 1582 forma

165 1626 676 1725 praetereunda
707 1683 724 1699 .
775 1629 830 1668 “
892 1632 1082 1705 Mare
1133 1658 1424 1707 saeuum
1467 1643 1486 1677 ¹
1527 1634 2041 1729 inportuosum
2074 1664 2095 1699 ι
2150 1654 2319 1730 ager

167 1796 225 1839 „
283 1744 572 1843 frugum
610 1746 864 1821 fertilis
890 1805 910 1840 ,
947 1748 1182 1829 bonus
1219 1749 1520 1849 pecori,
1547 1749 1793 1823 arbori
1828 1747 2253 1823 infecundus
2294 1780 2315 1819 ε

169 1896 229 1959 ‚3
283 1867 486 1941 caelo
515 1882 836 1969 terraque
861 1870 1200 1969 paenuria
1227 1892 1572 1971 aquarum
1596 1924 1613 1939 .
1654 1870 1897 1941 Genus
1928 1866 2319 1941 hominum

169 2040 228 2080 ‚,
283 1984 556 2060 salubri
593 2011 904 2089 corpore
927 2044 948 2081 ‚
987 1986 1205 2061 uelox
1240 2042 1263 2081 .,
1302 1987 1579 2088 patiens
1611 1984 1883 2057 laboris
1919 2038 1937 2054 .
1980 1982 2133 2057 Nec
2166 1984 2322 2083 ple-

166 2156 218 2201 „
275 2132 543 2209 rosque
571 2123 896 2183 senectus
927 2108 1310 2201 dissoluit,
1357 2107 1492 2179 nisi
1531 2106 1654 2207 qui
1691 2108 1881 2179 ferro
1915 2117 2037 2177 aut
2068 2104 2317 2177 bestiis

172 2278 228 2319 ‚.,
284 2228 616 2303 interiere
643 2285 662 2300 .
697 2231 884 2307 Nam
923 2228 1227 2304 morbus
1259 2228 1448 2305 haud
1482 2252 1690 2327 saepe
1726 2250 2165 2325 quemquam
2202 2252 2322 2295 su·-

169 2400 230 2441 „
283 2364 568 2449 perat„
595 2378 800 2426 ..non
829 2353 1099 2427 inscii..
1124 2352 1263 2425 “in
1289 2375 1584 2449 regnum
1618 2349 1941 2421 animum
1968 2344 2275 2419 intendit
2300 2400 2320 2417 .

169 2520 226 2561 „
287 2470 460 2569 Ipse
485 2496 652 2547 acer
673 2528 694 2563 ‚
719 2472 1104 2548 bellicosus
1122 2508 1144 2546 ι
1183 2488 1259 2546 at
1291 2473 1352 2547 is
1377 2529 1400 2568 .,
1431 2496 1642 2573 quem
1673 2469 1960 2569 petebat
1984 2520 2005 2556 ‚
2034 2466 2317 2567 quietus

169 2640 228 2683 „
285 2586 604 2667 imbellis
634 2650 656 2687 ‚
699 2593 998 2695 placido
1055 2595 1382 2694 ingenim,
1447 2604 1907 2694 opportunus
1958 2588 2252 2663 iniuriae
2286 2642 2311 2683 ‚

165 2761 226 2801 ‚.,
287 2724 614 2786 metuens
645 2715 873 2812 magis
903 2740 1124 2815 quam
1159 2714 1582 2789 metuendus
1615 2758 1634 2785 ὁ
1668 2769 1686 2785 .
1725 2716 1811 2785 Iu
1846 2709 2139 2785 consule
2184 2733 2321 2781 no-

167 2880 218 2921 „
279 2840 430 2905 stro
463 2832 729 2908 multae
753 2835 1124 2935 bonaeque
1147 2850 1332 2909 artes
1364 2835 1590 2911 animi
1616 2850 1690 2909 et
1716 2835 2047 2935 corporis
2068 2843 2315 2923 erantr,

169 2998 230 3041 2,
289 2975 468 3049 quas
523 2954 762 3029 omnis
811 2956 1107 3031 auaritia
1159 2955 1670 3058 praepediebat
1706 2990 1725 3027 =
1767 2956 2046 3057 patiens
2096 2948 2313 3023 labo·-

171 3119 232 3159 n
289 3092 503 3165 rum,
557 3072 708 3147 acri
755 3075 1042 3171 ingenio
1079 3128 1101 3167 ‚
1161 3076 1330 3149 satis
1380 3074 1775 3175 prouidens
1812 3130 1835 3169 .,
1894 3069 2069 3147 belli
2120 3062 2315 3139 haud

174 3238 236 3277 n
293 3187 577 3283 ignarus
631 3248 656 3287 .‚
723 3194 1186 3281 firmissimus
1267 3211 1518 3271 contra
1581 3192 1901 3295 pericula
1977 3178 2051 3263 el
2129 3185 2312 3259 insi-

171 3358 222 3399 „
283 3306 440 3385 dias
474 3324 508 3361 ⁸
543 3366 592 3405 „
645 3368 663 3385 .
701 3312 720 3385 .’
767 3314 1021 3389 deinde
1063 3370 1081 3387 .
1117 3370 1136 3387 .
1169 3372 1190 3390 .
1236 3318 1292 3358 ‘⁴
1343 3318 1727 3391 Exercitus
1784 3312 1851 3386 ei
1902 3305 1946 3345 *
2004 3306 2313 3383 traditus

171 3478 232 3519 «μ,
291 3452 330 3499 a
385 3430 646 3529 Spurio
701 3432 972 3509 Albino
1018 3434 1454 3535 proconsule
1503 3436 1690 3508 iners
1726 3488 1751 3527 ,
1804 3428 2140 3524 inbellis,
2189 3450 2311 3498 ne-

171 3598 233 3637 „
289 3574 428 3651 que
453 3551 760 3652 periculi
807 3580 1034 3656 neque
1069 3553 1402 3631 laborum
1442 3555 1721 3658 patiens
1745 3610 1770 3648 .,
1825 3552 2059 3652 lingua
2092 3574 2311 3652 quam

337 3780 370 3811 ⁹
415 3780 516 3849 J!-
567 3780 812 3849 Forma
870 3784 1169 3873 corrupti
1227 3784 1552 3849 exercitus
1575 3830 1594 3847 .

279 4016 328 4051 ο·
352 3997 474 4050 eod.
513 3994 771 4051 nid-banu-
805 3996 1026 4051 a‘mu‘dc'as
1049 4030 1068 4047 .

287 4186 310 4227 ι
359 4166 596 4229 Sdluut.
645 4166 914 4249 lugan-th.
977 4190 1100 4251 cap.
1153 4192 1312 4233 nvn.
1349 4192 1450 4233 xx.
1491 4190 1721 4233 nvm-
1762 4190 1967 4235 ιιιιη.

1754 4278 1799 4325 ἡ

2413 1254 2680 1309 'mendice
2696 1267 2786 1302 mt’·
2878 1274 2885 1280 ⁷

2415 1327 2690 1381 &olenensi
2709 1358 2721 1373 .
