3384 5134
1005 514 1050 563 1.
1080 516 1104 563 ι
1136 518 1170 564 s
1197 520 1240 566 r:
1271 519 1316 566 n
1421 512 1486 565 ιι
2168 490 2215 567 3
2234 517 2259 562 ι
2284 514 2311 563 1

171 632 322 684 non
376 604 865 684 mediocrium
905 622 921 657 ¹
1063 627 1094 661 ⁸
1133 611 1519 685 familiares
1560 624 1787 685 essent
1818 607 2083 684 uicinia
2119 664 2139 681 .
2173 664 2195 681 .
2238 664 2255 679 .
2297 600 2337 659 b

167 730 414 804 adesse
481 732 823 805 aduersus
872 754 1026 807 rem
1079 788 1098 805 .
1139 788 1156 803 .
1189 746 1220 781 ⁰
1267 732 1504 804 nolint
1541 786 1558 801 .
1587 786 1608 801 .
1659 786 1678 801 .
1718 723 1757 779 d
1790 727 2035 805 dicam
2090 728 2337 830 quoad

164 867 362 925 aetas
392 854 574 925 mihi
605 869 678 927 et
726 852 1066 926 ualetudo
1122 854 1392 950 integra
1434 852 1569 925 fuit
1614 853 1895 947 negotia
1939 904 1959 921 .
2004 906 2023 921 .
2054 867 2223 925 suut
2253 905 2270 920 .
2311 901 2332 921 .

159 986 390 1045 aetate
423 1020 493 1047 ...
528 984 558 1017 ⁶
592 968 965 1047 coloniam
1008 988 1323 1045 nostram
1364 983 1396 1020 2
1443 966 1476 1073 [
1505 966 1956 1073 forensium]
1996 984 2070 1043 et
2094 968 2329 1043 iunio-

165 1109 334 1163 rum
361 1087 730 1189 praesidiis
759 1118 912 1164 esse
939 1086 1312 1165 fundatam
1340 1146 1358 1162 .
1416 1093 1484 1165 N
1489 1114 1569 1165 ec
1605 1146 1651 1162 ..
1679 1083 1891 1163 fuere
1923 1104 2230 1189 quantus
2256 1138 2278 1158 .
2306 1142 2328 1159 .

163 1221 410 1283 nostra
463 1268 480 1282 .
521 1267 540 1282 .
581 1267 599 1282 .
653 1206 894 1285 uirum
922 1221 960 1277 8
991 1211 1424 1311 popularem
1469 1210 1863 1285 habeamus
1889 1258 1915 1305 ‚
1972 1224 2046 1283 et
2088 1208 2329 1283 uirum

161 1326 623 1407 consularem
667 1334 778 1405 ius
832 1328 1213 1433 publicum
1258 1330 1815 1431 respondentem
1844 1386 1865 1399 .
1918 1332 2078 1428 Ego
2132 1354 2328 1429 quo-

161 1476 305 1551 que
331 1509 354 1547 ,
409 1469 492 1527 ut
534 1474 796 1555 spero,
853 1450 1096 1553 quoad
1144 1452 1396 1527 aetatis
1445 1454 1552 1527 uis
1608 1451 1874 1549 uiguit,
1932 1452 2009 1525 in
2066 1448 2329 1525 officiis

159 1574 498 1649 ciuilibus
579 1602 726 1649 non
797 1576 1104 1650 obscure
1160 1590 1486 1649 uersatus
1545 1600 1709 1647 sum
1744 1629 1761 1645 .
1825 1572 1974 1645 Alii
2036 1598 2331 1673 quoque

158 1694 462 1795 plurimi
505 1712 672 1769 sunt
723 1692 798 1769 in
834 1712 1078 1771 senatu
1111 1696 1464 1771 Cirtenses
1513 1691 1897 1769 clarissimi
1929 1692 2114 1765 uiri.
2168 1691 2325 1767 Po·-

160 1833 472 1893 stremus
497 1835 606 1893 est
667 1816 910 1893 honor
940 1815 1301 1893 maximus
1328 1878 1348 1913 ‚
1405 1828 1548 1891 tres
1595 1815 1813 1889 uestri
1866 1812 2059 1887 ciues
2092 1804 2133 1859 ¹²
2173 1870 2194 1883 .
2240 1869 2258 1883 .
2308 1870 2327 1885 .

158 1936 285 2011 sed
316 1940 533 2012 etiam
568 1962 782 2012 suane
801 1952 909 2012 est
941 1932 958 1987 ἱ
997 1994 1040 2011 .,
1075 1955 1246 2015 utor
1275 1963 1422 2041 quo
1455 1930 1494 1989 k
1533 1994 1577 2009 ..
1607 1934 1733 2009 sed
1765 1960 1895 2009 uos
1930 1931 2189 2009 melius
2218 1940 2328 2007 est

153 2052 308 2131 iam
353 2084 546 2133 nunc
585 2057 952 2134 interdum
991 2051 1016 2107 ¹
1057 2112 1078 2131 .
1121 2114 1140 2131 .
1175 2074 1528 2163 quantum
1553 2066 1612 2103 ¹¹¹
1640 2106 1659 2127 .
1700 2110 1718 2125 .
1777 2102 1798 2125 0

225 2290 264 2321 a
297 2272 488 2341 Supple
525 2266 678 2325 ferme
731 2287 830 2326 tre·
870 2291 1040 2327 neruus
1064 2311 1077 2326 .
1149 2270 1180 2325 b
1217 2274 1403 2338 snpple
1461 2284 1618 2319 uuum
1665 2280 1860 2323 uernum
1911 2284 2029 2315 cnm
2074 2264 2280 2317 dimidio
2303 2306 2319 2319 -

152 2359 186 2391 c
224 2345 411 2409 Supple
447 2346 688 2397 uerbum.
755 2344 794 2395 d
829 2348 1014 2415 Supple
1063 2362 1256 2395 uersum
1295 2356 1346 2393 et
1387 2342 1536 2409 paulo
1575 2340 1684 2407 plue
1712 2376 1725 2389 .
1796 2358 1823 2387 e
1864 2338 2115 2387 Perierunt
2155 2336 2208 2387 in
2241 2336 2323 2387 hio

154 2414 346 2465 lacunis
384 2414 534 2467 ferme
573 2431 668 2467 tres
708 2434 877 2468 uersus
901 2454 914 2466 .
989 2414 1023 2477 f
1044 2417 1232 2484 Supple
1272 2414 1390 2464 duas
1425 2416 1616 2463 circiter
1653 2410 1881 2469 litteram
1916 2406 2119 2457 f⁰f‘⁸⁸⁸‘
2158 2424 2320 2475 gene*

151 2504 244 2533 re.
314 2504 354 2555 g
383 2486 582 2536 Lacuna
623 2505 850 2537 uersuum
888 2482 1041 2539 ferme
1093 2502 1216 2540 vul.
1285 2486 1318 2534 k
1357 2486 1552 2534 anunn
1593 2496 1825 2531 uersuum
1880 2487 2000 2531 1111.
2070 2478 2093 2527 ἰ
2132 2478 2325 2545 Supple

155 2556 261 2605 duo
301 2559 448 2608 uerba
469 2595 484 2610 .
540 2556 570 2609 k
608 2560 798 2625 Supple
827 2564 1030 2611 uerbum
1063 2574 1245 2608 unum.
1317 2556 1338 2605 l
1373 2554 1559 2622 Supple
1604 2556 1817 2604 uerbum
1852 2548 2047 2603 unum}
2101 2566 2155 2599 m
2190 2540 2321 2601 Exin

153 2628 218 2677 ad
249 2624 352 2679 folii
393 2646 546 2699 usquo
585 2628 734 2680 finem
774 2624 1022 2681 obscurati
1059 2644 1174 2680 sunt
1201 2644 1374 2680 uentu
1411 2640 1628 2696 quatuor
1653 2658 1666 2673 ·

243 2813 264 2850 1
317 2794 526 2852 Merito
562 2792 758 2854 Africa
811 2814 951 2873 prae
986 2788 1190 2855 ceteris
1271 2806 1346 2851 ne
1385 2788 1802 2854 Sittianorum.
1840 2787 1993 2851 Plin.
2042 2780 2183 2845 hist.
2236 2785 2313 2848 V.

149 2874 323 2935 terris
368 2877 584 2936 dicitur
634 2898 666 2935 n
737 2878 1012 2937 quenale
1065 2900 1180 2937 vn.
1275 2898 1307 2935 2
1333 2903 1352 2946 3
1389 2878 1534 2935 Mela
1573 2879 1618 2934 1.
1665 2879 1722 2936 6.
1763 2878 1833 2933 Ν.
1890 2870 2105 2932 Recole
2158 2869 2318 2929 dictu

161 2960 272 3029 148
312 2966 612 3020 neutris-tela
639 2964 1072 3021 causidicorum
1107 3004 1122 3019 .
1269 2960 1331 3017 in
1361 2962 1544 3038 praef.
1579 2980 1711 3039 cap.
1754 2958 1850 3017 ἀι·
1882 2954 2008 3018 uita.
2052 2958 2317 3015 Fronto·-

238 3063 270 3101 π
308 3036 473 3105 Cirta
507 3044 734 3109 colonia
765 3041 876 3104 suit
897 3040 1191 3121 cognomi·-
1268 3042 1363 3099 nis
1397 3084 1414 3101 .
