3384 5134
932 504 984 555 n
1015 507 1038 553 1
1074 508 1108 554 s
1135 508 1180 555 ‘r
1214 506 1261 555 o
1289 509 1332 555 n
1366 508 1390 554 1
1429 508 1472 559 A
1499 510 1540 555 n
2168 484 2211 559 3
2231 506 2315 584 17

159 610 322 677 tum
373 600 778 701 imperator
801 628 935 677 suo
975 629 1332 703 quemque
1365 604 1658 679 nomine
1712 606 2018 705 proprio
2054 617 2073 655 ¹
2110 619 2325 706 atque

159 722 508 799 castrensi
553 722 981 819 cognomine
1014 718 1410 825 [io]culari
1444 721 1859 823 appellabat
1894 780 1911 794 .
1968 726 2217 822 Pigros
2248 780 2267 795 .
2304 778 2324 799 .

157 842 280 919 uel
312 844 694 919 corniculo
722 841 838 918 uel
881 839 1218 949 [aureo]
1247 844 1362 920 uel
1385 848 1659 949 partim
1691 900 1709 915 .
1748 900 1767 917 .
1806 846 2148 947 cuiusque
2180 900 2198 916 .
2238 900 2257 917 .
2302 898 2327 919 .

159 976 356 1036 tores
389 966 800 1067 triumphus
841 1004 878 1039 .·
905 1021 924 1038 .

160 1140 183 1156 .
231 1141 249 1157 .
291 1086 570 1161 disset.·
600 1089 832 1167 Lucio
877 1087 1142 1169 milites
1179 1104 1304 1162 aut
1351 1088 1620 1167 dilectu
1661 1114 1855 1169 nouo
1892 1088 2157 1161 tirones
2199 1112 2327 1159 su-

160 1206 410 1280 mendi
465 1207 791 1298 fuerunt,
845 1224 1027 1281 aut.
1092 1263 1111 1280 .
1169 1264 1188 1279 .
1247 1224 1321 1283 et
1369 1208 1579 1283 molli
1638 1208 1899 1281 militia
1948 1206 2329 1307 corrupti.

165 1327 496 1430 Namque
527 1345 698 1430 post
736 1387 754 1403 .
793 1387 810 1403 .
850 1346 1072 1405 tratae
1105 1386 1124 1403 .
1166 1330 1536 1405 Hadriano
1561 1325 1602 1362 *
1630 1329 1963 1429 principe
2002 1327 2333 1435 regundis·

161 1465 240 1522 et
269 1450 574 1525 facunde
611 1452 1060 1553 appellandis
1093 1454 1524 1527 exercitibus
1549 1454 1692 1525 suis
1733 1452 2011 1551 inpigro
2042 1506 2065 1545 .,
2125 1447 2253 1526 sed
2288 1476 2327 1525 a

168 1594 416 1643 summ
473 1627 494 1643 .
552 1626 571 1643 .
625 1572 990 1649 bellorum
1017 1630 1035 1648 .
1093 1574 1498 1649 Hadrianus
1554 1587 1584 1621 ⁸
1632 1570 2053 1673 prouincias
2110 1592 2331 1649 manu

165 1692 456 1767 Traiani
495 1710 744 1797 captas
785 1697 1116 1771 omittere
1167 1696 1428 1769 maluit
1451 1752 1476 1789 .,
1548 1719 1769 1794 quam
1798 1691 2120 1771 exercitu
2159 1690 2333 1761 reti«

165 1825 384 1885 nere²
414 1815 644 1889 :Eius
671 1818 1011 1891 itinerum
1050 1832 1518 1893 monumenta
1547 1815 1791 1889 uideas
1821 1839 1951 1915 per
1976 1810 2331 1915 plurimas
2358 1892 2370 1903 ,

171 1933 386 2007 Asiae
431 1950 647 2037 atque
683 1940 1022 2039 Europae
1049 1939 1257 2011 urbes
1293 1993 1321 2031 2
1372 1950 1444 2011 et
1477 1962 1724 2032 regum
1763 1972 1783 2006 ·.
1844 1988 1863 2005 .
1924 1987 1944 2003 .
2002 1986 2022 2003 .
2048 1929 2333 2004 exerci-

175 2064 292 2123 tus
333 2110 354 2124 .
405 2110 423 2127 .
459 2081 671 2129 suum
700 2114 718 2129 .
747 2116 763 2130 .
793 2115 812 2129 .
848 2059 1206 2131 neminem
1244 2082 1596 2157 umquam
1629 2068 1805 2156 post
1836 2052 2021 2125 uidit
2060 2041 2335 2151 ne1n[i-·

183 2164 320 2273 ne]
359 2176 789 2274 apstinendo
825 2171 862 2228 h
893 2179 1018 2251 uni
1055 2178 1386 2251 omnium
1423 2200 1895 2251 romanorum
1914 2171 2337 2273 principum

185 2288 466 2367 Numae
504 2299 648 2395 regi
686 2298 1248 2401 aequiperandus
1271 2292 1306 2349 3
1333 2292 1372 2333 *
1409 2354 1426 2370 .
1486 2352 1506 2369 .
1569 2354 1588 2371 .

178 2448 222 2483 .·
257 2468 278 2487 .
303 2430 756 2513 pertum.est
795 2420 884 2493 da
915 2475 934 2492 .
993 2476 1012 2491 .
1060 2419 1172 2493 his
1223 2446 1376 2494 nem
1415 2416 1789 2518 publicam
1846 2416 1987 2491 sibi
2026 2410 2342 2487 adminiv

177 2536 544 2612 strandam
577 2595 597 2611 .
639 2598 658 2613 .
696 2540 792 2615 sis
818 2569 860 2615 a
891 2543 1124 2644 patria
1161 2598 1180 2619 .
1224 2600 1243 2615 .
1277 2566 1422 2615 nec·
1447 2538 1622 2615 belli
1651 2540 1993 2615 aduersus
2029 2534 2341 2611 Parthos

181 2655 632 2735 instaurandi
677 2656 902 2768 [auc]
917 2678 1032 2739 tor-
1063 2660 1096 2731 4
1139 2722 1156 2737 .
1199 2722 1216 2737 .
1257 2678 1288 2715 ⁰
1337 2678 1410 2738 ta
1447 2663 1660 2761 longa
1693 2660 2159 2737 desuetudine
2192 2653 2345 2730 bel-

176 2770 375 2847 laudi
411 2780 616 2853 miles
650 2808 992 2857 romanus
1027 2782 1118 2857 ad
1157 2784 1512 2881 ignauiam
1539 2782 1871 2866 redactus
1900 2838 1917 2855 .
1953 2782 2149 2856 Nam
2174 2801 2348 2851 cum
2414 2823 2421 2833 ·

187 3010 406 3165 {entia
469 3012 808 3078 Dacorum
876 3010 1160 3083 falcibus
1195 3016 1452 3105 inpacta
1525 3014 1813 3097 uulnera
1850 3014 2341 3081 contemnenti-

243 3126 320 3166 us
348 3152 364 3167 .

278 3221 288 3229 “
377 3194 409 3229 ’
455 3194 556 3261 M.
607 3196 708 3261 De
755 3196 1094 3265 Hadriano
1123 3248 1138 3265 .

375 3283 410 3317 ⁴
452 3286 556 3353 M.
609 3286 840 3371 Qualis
910 3286 1285 3357 Antoninus
1321 3290 1560 3371 fixerit²

195 3420 2343 3458 m—*ss———ssq-q-—g—q-*ff———p

262 3519 299 3550 a
332 3496 622 3549 Hadrianus
647 3514 718 3547 est
741 3516 802 3547 οι
829 3498 1042 3565 margine
1062 3513 1080 3556 ;
1105 3514 1216 3545 nam
1258 3498 1309 3547 in
1349 3509 1582 3546 contextu
1607 3498 1742 3549 locu·
1779 3496 1899 3547 huic
1934 3500 2089 3547 uerbo
2114 3514 2211 3547 nou
2232 3514 2305 3550 est
2327 3535 2342 3550 .

190 3578 223 3631 ὅ
255 3574 344 3623 Per
373 3589 467 3643 aps
485 3604 500 3627 ,
534 3586 630 3617 non
654 3586 741 3635 pen
771 3568 864 3619 abs
882 3602 896 3625 ,
921 3568 1094 3617 diserte
1111 3566 1295 3617 iudicat
1320 3566 1630 3619 scribendum
1652 3586 1755 3618 esse
1776 3567 1873 3617 hoc
1908 3570 2115 3619 uerbum
2146 3572 2348 3621 Curtiu-

189 3646 480 3702 Valerinnus
517 3641 858 3712 grammaticus
887 3640 940 3689 in
967 3637 1166 3689 Putsch.
1201 3656 1256 3705 p.
1298 3646 1452 3706 2289.
1521 3656 1551 3688 c
1587 3640 1777 3708 Supple
1812 3638 2074 3691 dimidium
2118 3658 2347 3691 uersum.

191 3786 285 3823 ses
327 3764 696 3835 Volagaestes
714 3798 733 3824 ,
765 3777 960 3835 nempe
991 3760 1182 3813 uictor·
1213 3794 1232 3822 ,
1402 3754 1438 3813 3
1484 3756 1840 3813 Frontonem
1874 3756 2136 3814 imitatur
2171 3753 2359 3831 Capi«.-

191 3850 434 3907 idcirco
455 3847 746 3900 nociturus
778 3843 1080 3921 est,‘q11ia
1121 3844 1236 3897 Bm
1315 3835 1532 3897 tolinus
1566 3838 1628 3893 in
1663 3838 1767 3896 Pio
1787 3860 1913 3917 cap.
1956 3839 2063 3897 ult.

193 3948 398 3991 manos
439 3931 696 3983 inuasit.
1079 3929 1084 3935 '
1398 3926 1428 3989 4
1477 3922 1690 3980 Lucius
1727 3923 1785 3977 in
1814 3922 1927 3982 hoc
1961 3921 2216 3980 Traiano
2232 3936 2353 3975 rue-.-

281 4031 302 4068 1
353 4008 673 4069 Confirmat
717 4004 796 4081 de⁴
825 4004 1078 4064 Traiano
1111 4004 1230 4063 Pli-.
1307 4001 1452 4074 lim-3
1487 4004 1646 4081 quod
1677 4006 1957 4064 Traianus
1994 4002 2216 4081 gloriae
2254 4020 2365 4056 cu-

190 4094 322 4167 nius
355 4112 564 4169 paneg.
613 4110 738 4165 cap.
779 4110 881 4145 xv.
1310 4087 1558 4167 piditate
1593 4099 1793 4146 auctor
1814 4089 1923 4147 fuit
1960 4090 2099 4151 belli
2135 4082 2365 4165 parthi·

277 4198 308 4233 α
357 4172 772 4253 Spartianusin
805 4172 926 4229 eius
955 4170 1076 4227 uita
1100 4192 1224 4248 cap.
1313 4171 1364 4227 ci
1413 4172 1773 4230 instaurandi
1801 4216 1820 4242 ‚
1874 4190 2075 4234 contra
2140 4166 2361 4241 Lucida

191 4260 274 4344 v}
297 4257 652 4351 Augustinus
693 4257 766 4329 de
785 4260 852 4326 C,
874 4256 944 4312 D.
967 4254 1100 4314 llll.
1128 4274 1225 4346 ²9·
1310 4253 1559 4329 inlatum
1589 4254 1812 4329 retudit
1836 4297 1853 4327 ς

537 4454 552 4461 -
653 4426 668 4445 *
701 4396 742 4465 2⁴
795 4458 806 4465 .
