3384 5134
1105 461 1256 533 228
1730 486 1844 533 nt
1938 478 2631 540 ELOQUENTIA

1101 590 1210 651 est
1250 574 1511 673 gloriae
1545 569 1830 677 cupido*
1851 634 1867 645 .
1898 576 1986 649 Id
2016 573 2501 650 nouissimum
2526 574 2813 649 exuitur
2840 632 2857 647 .
2882 558 3039 678 Ipsi
3072 578 3249 681 ipsi,

1101 698 1400 796 inquam
1435 754 1458 794 .,
1517 696 1809 771 Platoni
1852 698 1925 772 in
1974 695 2451 779 nouissimum
2524 724 2747 800 usque
2793 700 2985 773 uitae
3014 690 3251 776 ‘finem

1103 822 1329 921 gloria
1355 836 1388 871 ²
1411 819 1805 893 amiculum
1843 822 1981 894 erit
2012 834 2031 869 ¹
2059 877 2076 891 .
2123 819 2317 893 Illud
2360 820 2579 893 etiam
2618 821 2899 895 audisse
2934 847 3055 894 me
3108 849 3255 895 me-

1099 944 1281 1016 mini
1307 999 1329 1037 ,
1385 943 1727 1044 pleraque
1797 943 2151 1044 sapientes
2216 927 2421 1017 'uiros
2485 944 2561 1015 in
2630 944 2834 1017 scitis
2895 935 2934 993 h
2996 945 3251 1017 mentis

1099 1077 1313 1169 atque
1375 1044 1723 1137 consultis
1786 1063 2047 1137 habere
2125 1062 2382 1137 debere
2420 1117 2441 1152 ‚
2510 1088 2827 1164 quorum
2863 1062 3249 1179 &interdum

1099 1212 1236 1259 usu
1305 1184 1757 1281 abstineant3
1800 1187 2119 1289 itemque
2180 1182 2549 1257 interdum
2600 1180 2944 1257 nonnulla
2998 1184 3075 1256 in
3130 1210 3253 1257 usu

1097 1300 1365 1378 habere
1425 1303 1682 1379 debere
1714 1361 1737 1401 .,
1813 1332 1995 1406 quae
2054 1304 2419 1403 dogmatis
2471 1303 2957 1403 improbentt,
3024 1326 3249 1403 neque

1099 1424 1370 1531 ubique
1431 1425 1787 1499 rationem
1833 1424 2221 1524 sapientiae
2257 1437 2531 1499 rectam
2562 1435 2637 1495 et
2659 1446 2871 1494 usum
2904 1422 3093 1495 uitae
3136 1446 3254 1493 ne-

1102 1546 1494 1621 cessarium
1548 1546 1940 1646 congruere
1968 1604 1985 1617 .
2038 1548 2183 1621 Fac
2240 1560 2306 1619 he
2335 1601 2357 1642 ‚
2414 1545 2722 1637 Caesar,
2802 1539 2895 1615 ad
2966 1544 3249 1644 sapien·-

1101 1664 1282 1736 tiam
1349 1664 1715 1739 Cleanthis
1773 1682 1897 1739 aut
1953 1666 2261 1739 Zenonis
2295 1677 2325 1713 ⁰
2372 1690 2585 1765 posse
2622 1661 3023 1763 pertingere
3058 1717 3081 1757 .,
3138 1662 3251 1733 in·-

1101 1783 1406 1879 gratiis2
1445 1799 1684 1858 tamen
1744 1785 1880 1858 tibi
1934 1811 2383 1891 purpureum
2440 1780 2746 1885 pallium
2778 1783 2915 1855 erit
2970 1810 3253 1857 sumen·

1096 1904 1275 1978 dum
1312 1962 1336 2002 ‚
1413 1934 1561 1985 non
1625 1906 1930 2013 pallium
1990 1907 2601 2008 philosophorum
2663 1902 2897 1979 soloci
2940 1904 3105 1979 lana
3144 1899 3184 1937 *
3224 1960 3243 1975 .

1097 2030 1476 2131 Purpureo
1521 2086 1538 2101 .
1596 2086 1615 2103 .
1675 2087 1692 2101 .
1737 2030 2112 2103 Cleanthes
2169 2058 2350 2135 aqua
2404 2027 2498 2100 de
2531 2042 2755 2128 puteo
2818 2028 3249 2101 extrahenda

1099 2150 1384 2222 uictum
1426 2149 1810 2250 quaerebat
1848 2184 1869 2221 τ
1941 2150 2075 2223 tibi
2135 2174 2645 2250 saepenumero
2717 2148 3121 2221 curandum
3178 2150 3245 2221 in

1097 2266 1378 2343 theatro
1413 2294 1720 2344 crocum
1745 2267 1955 2367 longe
1994 2268 2227 2369 adque
2254 2260 2293 2316 d
2318 2265 2457 2341 alte
2482 2259 2985 2368 exprimatur3
3014 2280 3047 2315 θ
3072 2322 3091 2339 .
3132 2322 3151 2339 .
3179 2323 3196 2337 .
3228 2320 3247 2337 .

1095 2390 1450 2486 Diogenes
1493 2391 1797 2489 cynicus
1858 2416 2001 2463 non
2038 2388 2265 2462 modo
2317 2384 2593 2460 nullam
2626 2388 3011 2487 pecuniam
3046 2412 3251 2487 quae·

1095 2508 1264 2581 sinit
1298 2564 1321 2604 ,
1380 2508 1505 2581 sed
1561 2511 1779 2584 etiam
1816 2511 2193 2612 propriam
2255 2508 2565 2607 neglexit
2596 2503 2622 2558 f
2648 2565 2665 2579 .
2700 2566 2717 2580 .
2750 2563 2767 2577 .
2808 2506 3091 2609 udaque
3142 2533 3252 2579 ea·

1093 2630 1186 2700 tis
1215 2686 1229 2698 .
1263 2685 1279 2699 .
1320 2654 1606 2705 mensae
1643 2648 1849 2733 parte
1876 2688 1895 2707 .
1931 2689 1947 2705 .
1987 2634 2254 2709 familia
2298 2628 2574 2743 [q]uasi
2602 2632 2801 2711 famu
2836 2688 2853 2703 .
2898 2688 2916 2706 .
2948 2632 3139 2704 ferae
3172 2685 3191 2702 .
3232 2684 3251 2705 .
3334 2658 3336 2729 ς

1091 2745 1555 2857 sapientio[r]
1600 2809 1618 2824 .
1652 2808 1671 2825 .
1762 2750 1769 2759 ¹

1298 2874 1755 2951 Immortales
1790 2874 1905 2950 dei
1956 2876 2251 2950 sinerint
2288 2886 2325 2942 8
2374 2878 2763 2951 comitium
2798 2888 2869 2948 et
2914 2886 3153 2947 rostra
3186 2884 3251 2942 et

1091 2992 1478 3070 tribunalia
1516 2998 1813 3076 Catonis
1848 3012 1919 3071 et
1953 3000 2265 3074 Gracchi
2286 3013 2361 3072 et:
2398 3000 2768 3073 Ciceronis
2804 2995 3251 3071 orationibus

1273 3224 1304 3255 ⁴
1355 3224 1454 3289 M.
1506 3222 1602 3288 Ut
1649 3226 2009 3311 imperator
2046 3222 2551 3312 philosophetur
2578 3270 2597 3303 ‚
2644 3224 2943 3309 ingratiis
2980 3223 3247 3289 etiamh

1091 3338 1509 3403 purpureum
1544 3316 1665 3382 erit
1689 3314 1967 3405 pallium
2002 3316 2440 3397 sumendum,
2478 3340 2630 3407 curn
2660 3312 3106 3405 philosophus
3144 3315 3253 3380 ha·

1090 3408 1245 3474 beat
1282 3408 1752 3475 consucidum.

1156 3640 1193 3670 α.
1228 3618 1349 3669 Cod.
1394 3620 1644 3689 gloriam.
1714 3619 1745 3672 b
1782 3619 1904 3670 eod.
1948 3620 2005 3669 td
2042 3622 2173 3671 inest
2204 3620 2379 3673 sclus-
2450 3637 2480 3668 ο
2516 3621 2594 3671 Iea
2638 3625 2688 3671 ln
2736 3620 2924 3673 oehedi·
2974 3636 3023 3671 a.
3066 3636 3251 3690 manu3

1087 3708 1140 3744 at
1185 3707 1228 3743 x.
1269 3694 1488 3742 Xenonis
1512 3728 1523 3741 .
1573 3692 1749 3743 Recole
1788 3710 1836 3757 p.
1887 3694 1999 3743 168.
2041 3711 2091 3741 n.
2122 3711 2184 3742 e.
2254 3692 2292 3739 d
2329 3692 2402 3741 In
2438 3690 2561 3741 eod.
2630 3710 2657 3741 e
2695 3694 2847 3743 Unica
2890 3690 3015 3743 haec
3054 3706 3249 3740 centen-

1087 3766 1157 3813 tia
1197 3764 1290 3833 legi
1347 3766 1513 3829 potuit
1553 3766 1606 3814 in
1651 3765 1836 3830 postica
1900 3765 2075 3833 pagina
2097 3800 2109 3811 .
2171 3759 2219 3833 f
2240 3764 2369 3814 Haec
2426 3764 2567 3811 unica
2623 3766 2854 3815 sententia
2910 3782 3029 3813 cnm
3088 3767 3247 3825 pauci·

1084 3836 1255 3886 uerbis
1289 3836 1606 3899 sequentibus
1657 3835 1835 3905 legitur
1871 3837 1923 3885 in
1961 3835 2119 3885 antica
2168 3837 2342 3909 pagina
2364 3852 2385 3897 3
2430 3835 2615 3900 poetica
2666 3851 2827 3888 nmen
2884 3850 2985 3885 tota
3032 3830 3245 3899 legitur.

1083 3924 1124 3977 ε
1159 3906 1281 3959 cod.
1329 3906 1467 3956 rint.
1535 3906 1571 3954 1·
1611 3908 1688 3957 It·
1736 3906 1967 3958 schedae.

1174 4040 1196 4076 ι
1246 4018 1428 4094 Apud
1469 4020 1829 4079 Athenaeum
1882 4044 1966 4081 11.
2018 4020 2117 4080 15.
2288 4020 2322 4079 3
2366 4024 2454 4078 De
2478 4023 2629 4081 croci
2654 4043 2759 4081 usu
2778 4022 3111 4103 uoluptario
3130 4018 3241 4081 Pli-

1167 4120 1199 4157 α
1271 4103 1592 4179 purpuram
1669 4124 1831 4162 suam
1916 4124 2123 4182 reapse
2206 4104 2336 4161 nius
2386 4124 2509 4161 xxv.
2540 4109 2621 4177 ,6‚
2672 4108 2957 4181 Apuleius
2988 4118 3231 4165 metam·

1084 4183 1305 4259 spernit
1339 4185 1705 4245 ·M.Aurelius
1741 4188 1816 4249 de
1852 4188 1974 4253 τοὺ.
2008 4187 2125 4251 suis
2210 4210 2269 4253 x«
2307 4188 2401 4255 ed·
2424 4186 2572 4255 Elm·
2606 4210 2667 4275 Ρ.
2694 4189 2829 4255 255.
2887 4232 2903 4247 ·

1087 4284 1174 4330 vl·
1226 4267 1331 4342 13,
1370 4288 1542 4333 vuu-
1582 4270 1680 4332 36.
