3384 5134
1001 492 1048 543 ι,
1077 494 1103 543 1
1133 494 1170 543 n
1195 494 1240 544 z
1269 496 1316 545 n
1422 490 1450 541 ι
2152 474 2307 549 283

351 737 582 791 vim.
651 736 946 788 nom-o
1000 735 1283 787 Ammo
1337 734 1592 787 cassro
1633 720 1654 759 ¹
1708 733 2049 787 sunum
2087 767 2110 786 .

351 956 616 1030 Iumus
643 954 1010 1029 Maximus
1037 966 1072 1004 ²
1099 954 1454 1048 tribunus,
1483 952 1608 1055 qui
1629 951 1983 1029 laureatas
2002 956 2323 1035 Romam

125 1076 403 1152 adtulit
437 1076 710 1149 litteras
734 1067 801 1169 3,
839 1099 986 1148 non
1020 1074 1320 1175 publico
1345 1088 1630 1148 tantum
1665 1100 1961 1149 munere
2002 1092 2318 1173 strenue,

131 1196 274 1271 sed
302 1196 594 1297 priuato
626 1194 846 1267 etiam
899 1218 1064 1291 erga
1103 1210 1170 1267 te
1223 1194 1468 1268 officio
1520 1195 1756 1267 amice
1806 1194 2106 1273 functus
2136 1214 2247 1275 est
2286 1231 2315 1296 r,

138 1317 250 1389 ita
307 1318 398 1391 de
440 1316 816 1391 laboribus
856 1332 934 1390 et
973 1318 1293 1392 consiliis
1335 1318 1474 1391 tuis
1524 1332 1600 1391 et
1637 1317 1989 1406 industria
2023 1338 2096 1396 et
2124 1324 2317 1422 uigi-

26 1500 28 1503 ,
143 1435 370 1511 lautia
406 1436 865 1541 praedicator
892 1436 1162 1537 ubique
1195 1434 1814 1535 frequentissimus
1849 1441 2093 1515 extitit
2119 1496 2139 1513 .
2192 1438 2319 1517 Ad

139 1583 272 1631 me
295 1558 589 1660 quidem
619 1558 857 1629 minus
877 1554 1233 1629 ualentem
1260 1578 1430 1629 cum
1455 1556 1529 1629 in
1547 1556 2033 1633 suburbanam
2059 1559 2315 1635 uillam

131 1678 453 1783 uenisset
480 1734 503 1773 ,
560 1702 959 1777 numquam
989 1676 1294 1750 cessauit
1319 1676 1394 1749 in
1434 1704 1817 1779 uesperum
1854 1706 2081 1781 usque
2108 1679 2323 1755 fabu-

133 1802 251 1875 las
281 1816 314 1851 a
333 1816 624 1874 nectere
656 1800 994 1872 itinerum
1026 1814 1318 1872 tuorum
1339 1814 1414 1871 et
1443 1797 1864 1899 disciplinae
1878 1800 1971 1875 ad
1991 1799 2321 1902 priscum

133 1945 432 1994 morem
465 1919 834 1993 institutae
872 1943 957 1992 ac
994 1930 1352 2012 retentae3
1410 1930 1570 1991 tum
1605 1919 1680 1991 in
1719 1920 2001 2017 agmine
2030 1918 2314 1993 ducen-

134 2042 244 2118 do
282 2058 356 2118 et
417 2068 636 2119 mauu
695 2039 1138 2114 conserenda
1205 2040 1685 2115 strenuissimi
1742 2042 2017 2139 uigoris
2080 2040 2183 2113 tui
2239 2054 2317 2115 et

133 2164 720 2240 consultissimae
748 2164 1316 2262 opportunitatis
1333 2160 1368 2222 4
1387 2219 1406 2235 .
1423 2164 1730 2239 Prorsus
1758 2155 1893 2235 bnt
1908 2161 2147 2237 nullus
2171 2165 2321 2237 mi-

129 2286 250 2359 les
279 2284 644 2387 plautinus
672 2283 761 2355 de
785 2283 955 2377 suis,
993 2308 1216 2384 quam
1248 2296 1280 2331 ⁰
1313 2285 1436 2357 hie
1464 2284 1554 2356 de
1583 2284 1729 2357 tuis
1746 2282 2134 2359 uirtutibus
2159 2280 2321 2382 glo-

131 2406 368 2481 riatur
393 2464 418 2501 ,
473 2404 922 2508 praedicaret
955 2438 976 2477 2
1031 2404 1170 2479 nisi
1209 2403 1416 2507 quod
1449 2403 1747 2479 Plautus
1790 2402 1879 2479 de
1912 2430 2045 2479 suo
2078 2400 2319 2478 milite

131 2554 318 2600 cum
353 2526 600 2628 lepore
627 2582 650 2623 ,
709 2529 827 2601 hic
859 2528 950 2601 de
985 2540 1054 2601 te
1092 2541 1264 2600 cum
1301 2551 1550 2601 amore
1575 2539 1650 2599 et
1687 2550 2181 2601 cum-summa
2207 2525 2306 2598 fi*

131 2648 236 2721 de
269 2704 287 2719 .
340 2650 614 2747 Dignus
672 2664 782 2723 est
818 2675 1038 2749 quem
1093 2648 1342 2745 diligas
1380 2663 1454 2720 et
1487 2646 1837 2745 suffragiis
1872 2650 2012 2723 tuis
2052 2670 2315 2725 ornes.

133 2772 340 2844 Tuae
395 2770 730 2873 propriae
792 2770 1058 2869 gloriae
1087 2766 1453 2841 addideris
1479 2824 1503 2865 .,
1559 2782 1915 2872 quantum
1982 2767 2315 2866 dignitati

145 2890 682 2993 praedicatoris
714 2890 820 2965 tui
873 2888 1315 2963 adstruxeris
1352 2879 1391 2937 ‘¹
1418 2942 1439 2959 .

349 3158 432 3208 X.
504 3156 800 3209 PRONTO
851 3154 1168 3205 Annulo
1205 3154 1642 3204 vmrmuuo
1697 3153 2045 3204 SALUTEM
2080 3182 2103 3201 0

348 3374 748 3448 Auromus
787 3372 1056 3475 Aquila
1098 3364 1134 3425 5
1171 3375 1283 3447 uir
1322 3370 1610 3445 doetus'
1638 3385 1751 3444 est
1794 3384 1867 3443 et
1914 3369 2265 3449 facundus
2290 3426 2315 3447 .

210 3550 252 3583 a
284 3534 470 3601 Nempe
505 3550 749 3587 sermones
774 3568 789 3582 .
825 3535 904 3585 Sic
929 3532 1152 3603 loquitur
1173 3534 1460 3599 Spartianus
1491 3533 1544 3582 in
1566 3532 1817 3583 Pertinace
1859 3548 1969 3599 cap.
2004 3548 2103 3586 111·
2172 3532 2205 3585 b
2238 3534 2317 3588 It.

133 3604 261 3655 eod.
299 3622 350 3656 ιι·
377 3622 524 3673 unprn
547 3626 722 3677 prosus
741 3642 756 3655 .
825 3622 858 3654 c
894 3606 972 3657 Ita
1005 3602 1114 3655 eod.
1157 3623 1258 3654 nou
1304 3603 1625 3673 praecedente
1653 3614 1761 3654 tam
1777 3622 1798 3667 3
1868 3614 1926 3653 ut
1954 3621 2101 3673 cupra
2116 3604 2171 3675 p.
2196 3608 2319 3675 237.

131 3676 182 3726 d
217 3674 434 3729 schedae
471 3676 760 3730 adtraxero
798 3713 816 3728 .

239 3854 260 3889 1
314 3833 382 3891 Ei
401 3831 626 3893 scilicet
644 3834 743 3912 qui
775 3845 978 3913 postea
997 3846 1194 3913 tyran·-
1274 3853 1338 3891 ea
1362 3876 1374 3887 .
1394 3830 1610 3893 Confer
1630 3834 1708 3893 ad
1728 3836 1871 3893 Ver.
1896 3854 1990 3913 ep.
2018 3833 2073 3890 ἵ.
2096 3852 2156 3911 p.
2173 3850 2309 3913 179³

135 3912 346 3974 uidem
382 3916 662 3994 arripuit.
1271 3930 1328 3974 et
1366 3929 1666 3992 praeterea
1693 3918 2012 3977 Lucidum
2032 3916 2309 3993 quomod.

229 4020 264 4057 α
309 3994 408 4057 Ad
438 4002 666 4069 lunium
701 3997 1008 4058 Maximum
1040 4000 1188 4059 seri-
1268 3999 1404 4059 hist.
1441 3998 1615 4058 scrib.
1660 4021 1785 4077 cap.
1835 4022 1935 4059 xx.

143 4081 370 4145 buntur
389 4082 538 4143 duae
572 4081 904 4142 librihuius
919 4082 1186 4153 litterae,
1234 4131 1243 4142 .
1354 4089 1388 4154 4
1430 4086 1518 4141 De
1550 4083 1642 4140 his
1684 4082 1993 4147 Vulcatius
2034 4081 2099 4140 in
2126 4076 2316 4140 Cassii

135 4186 394 4245 quarum
431 4180 620 4226 tamen
651 4180 851 4225 neutra
890 4178 1187 4244 superest,
1249 4158 1393 4227 ¹‘uita
1412 4209 1426 4224 .

230 4250 268 4311 3
315 4248 555 4313 Scilicet
585 4250 660 4313 de
687 4248 932 4313 uictoria
963 4248 1190 4331 parthi·
1263 4286 1292 4297 ··
1351 4249 1390 4313 5
1431 4247 1646 4331 Aquila
1675 4248 1913 4312 natione
1946 4247 2179 4329 galata,
2210 4246 2315 4309 di-
