3384 5134
1095 468 1249 565 304
1870 498 1917 549 Α
1946 496 1989 550 n
2070 500 2115 551 a
2144 498 2199 548 n
2230 500 2257 547 1
2284 502 2323 549 c
2356 500 2404 551 o
2430 497 2465 551 s

1099 593 1238 669 siae
1273 617 1480 667 causa
1524 588 1628 666 ita
1664 597 2192 670 constituerunt
2221 590 2264 671 ?
2287 611 2323 649 ⁸
2352 654 2371 671 .
2430 651 2448 670 .
2484 611 2609 672 aut
2642 649 2663 669 .
2720 649 2741 669 .
2800 650 2820 669 .
2855 620 2947 671 an
2978 594 3245 695 legatio

1103 756 1128 785 ι
1183 769 1200 785 .
1257 712 1406 804 dis,
1454 713 1838 814 pecuniam
1911 714 2233 788 intulerit
2272 772 2293 811 .‚
2374 718 2617 791 munia
2681 716 2933 791 feeerit
2972 772 2993 789 .
3062 716 3245 789 Post

1100 835 1238 909 ista
1273 835 1464 910 ultro
1491 835 1819 933 citroque
1842 862 1885 907 a
1908 860 2025 908 me
2054 850 2300 934 rogata
2329 848 2545 938 atque
2578 862 2962 939 responsa,
3002 860 3243 909 nonne

1101 958 1322 1031 etiam
1357 956 1880 1057 praeiudicium
1916 951 1953 1008 b
2092 956 2369 1033 delatus
2420 972 2533 1034 est
2562 960 3002 1035 Uolumnius
3044 954 3247 1058 quasi

1102 1076 1182 1149 in
1221 1078 1500 1151 curiam
1559 1077 2005 1180 inrumperet
2030 1133 2055 1172 .‚
2096 1102 2266 1151 cum
2304 1079 2367 1151 ei
2398 1080 2511 1153 ins
2542 1093 2573 1129 c
2603 1078 3075 1153 introeundae
3126 1103 3253 1150 cn-

1101 1200 1246 1273 riae
1281 1224 1431 1271 non
1473 1213 1656 1273 esset
1693 1215 1776 1274 ut
1805 1200 2112 1299 relegato
2144 1213 2163 1249 ¹
2184 1256 2207 1295 .,
2250 1200 2453 1301 quod
2484 1228 2707 1302 neque
2744 1216 2903 1275 ante
2948 1198 3247 1273 exilium

1100 1346 1238 1422 pro
1278 1320 1745 1395 decurionatu
1782 1348 2077 1395 omnem
2115 1323 2528 1421 pecuniam,
2558 1348 2787 1422 neque
2810 1320 3037 1395 ullam
3062 1345 3243 1420 pos-

1102 1440 1316 1513 terius
1371 1439 1771 1516 intulisset.
1828 1445 2027 1534 Quae
2082 1466 2254 1515 cum
2304 1441 2741 1539 longissimis
2794 1437 3247 1539 temporibus

1101 1560 1340 1635 forent
1386 1576 1720 1662 perorata
1747 1619 1770 1656 ‚
1828 1562 2109 1637 Lollius
2160 1562 2540 1636 Urbicus.²
2564 1616 2585 1653 ,
2622 1585 2833 1635 causa
2870 1560 3193 1662 inspecta
3220 1607 3241 1649 ,

1101 1679 1280 1753 nihil
1311 1680 1652 1756 aduersus
1695 1668 2181 1757 Uolumnium
2224 1684 2519 1776 statuit3
2578 1680 2700 1755 sed
2734 1679 2903 1755 loco
2952 1734 2969 1749 .
3030 1733 3051 1749 .

1100 1812 1216 1873 tus
1244 1856 1264 1871 .
1309 1857 1326 1873 .
1367 1802 1586 1875 simul
1617 1828 1749 1903 per
1788 1861 1804 1875 .
1846 1860 1863 1875 .
1899 1784 2291 1903 ignominia
2321 1860 2340 1875 .
2380 1861 2397 1875 .
2432 1806 2737 1877 inuritur
2770 1802 3205 1899 sempiterna
3232 1850 3251 1865 .

1101 1921 1274 1995 Non
1327 1923 1524 1997 idem
1579 1924 1891 1998 dedecus
1942 1940 2048 2000 est
2108 1910 2392 1997 homini
2460 1922 2781 1997 solitario
2858 1918 3253 2017 ignomiu‘a

1102 2040 1300 2113 feriri
1335 2098 1358 2138 .‚
1405 2058 1751 2143 quantum
1806 2044 2121 2118 dedecus
2167 2057 2275 2119 est
2319 2045 2529 2145 plena
2584 2042 2827 2115 liberis
2888 2064 2980 2113 ac
3030 2066 3257 2139 nepo·-

1103 2160 1299 2235 tibus
1335 2162 1564 2238 dom'o
1599 2167 1893 2239 infamia
1930 2169 2163 2241 notari
2191 2226 2213 2263 .,
2257 2169 2461 2241 cuius
2504 2166 2833 2239 infamiae
2872 2190 3185 2265 aspergo
3218 2158 3255 2195 ¹²
3368 2178 3370 2183 ’

1104 2282 1432 2383 inquinat
1485 2285 1703 2361 simul
1748 2286 2019 2361 multos
2072 2302 2144 2361 et
2192 2288 2585 2362 dedecorat
2619 2343 2637 2358 .
2692 2287 2897 2359 Sicut
2942 2310 3097 2357 non
3151 2308 3261 2354 ea·

1106 2398 1275 2473 dem
1335 2400 1574 2477 clades
1625 2418 1735 2478 est
1791 2404 1866 2477 in
1902 2405 2187 2505 proelio
2232 2432 2457 2481 unum
2500 2408 2816 2507 equitem
2858 2402 3263 2478 obtrunca·

1105 2520 1168 2595 ri
1203 2576 1231 2615 ‚
1283 2534 1358 2593 et
1392 2524 1759 2597 triremem
1818 2524 2041 2623 frangi
2072 2580 2092 2597 .
2134 2528 2285 2599 Tur
2320 2582 2337 2597 .
2368 2583 2385 2598 .
2420 2538 2697 2599 armato
2726 2580 2745 2596 .
2776 2580 2793 2595 .
2824 2536 2897 2595 et
2933 2577 2954 2594 .
2984 2577 3003 2593 .
3040 2519 3259 2595 remis

1101 2665 1278 2713 uero
1322 2696 1341 2711 .
1371 2696 1390 2711 .
1417 2696 1436 2713 .
1481 2644 1773 2740 perierit
1804 2698 1823 2712 .
1866 2700 1884 2715 .
1914 2692 1937 2715 .-
1959 2648 2180 2743 Leges
2210 2642 2587 2745 pleraeque
2614 2668 2845 2743 poena
2876 2639 3259 2729 sanciunt,

1101 2786 1191 2833 ne
1228 2762 1389 2862 quis
1423 2762 1708 2837 felicem
1748 2764 2083 2838 arborem
2111 2756 2494 2839 succidat3
2516 2821 2535 2837 .
2590 2765 2961 2854 Quaenam
2996 2772 3119 2833 est
3146 2782 3259 2830 ar-

1100 2878 1298 2956 horis
1331 2881 1626 2958 felicitas
1650 2877 1692 2959 ?
1728 2887 1914 2961 rami
1947 2885 2234 2961 fecundi
2270 2900 2342 2958 et
2374 2884 2691 2985 frugiferi
2724 2940 2748 2978 ‚
2788 2884 2994 2957 bacis
3024 2898 3107 2957 et
3132 2910 3263 2983 po-

1232 3127 1267 3158 *
1312 3128 1412 3195 M.
1462 3128 1638 3195 Haec
1698 3152 1971 3221 aspergo
2008 3150 2286 3195 numero
2357 3124 2719 3219 singulari.

1181 3368 1217 3399 a
1255 3346 1380 3399 Exin
1427 3345 1522 3415 legi
1568 3349 1900 3417 nequiuernnt
1961 3362 2129 3396 uenus
2174 3360 2337 3397 xvxu.
2408 3342 2438 3395 ὃ
2484 3342 2667 3395 Runa·
2719 3356 2819 3397 non
2874 3340 3109 3413 legebam
3156 3358 3257 3390 nei-

1111 3440 1192 3473 am
1223 3437 1379 3491 prope
1413 3420 1666 3487 quinque.
1736 3434 1765 3465 c
1800 3414 2020 3468 schedae
2052 3418 2156 3469 eius
2192 3418 2361 3486 pro-el
2396 3418 2501 3467 ἃμ.

1193 3610 1214 3646 ι
1265 3586 1608 3647 Hominibus
1639 3584 1957 3663 ignominia
1994 3604 2133 3641 cen-
2212 3584 2427 3643 Confer
2461 3584 2580 3657 dig.
2608 3581 2722 3639 loc.
2752 3582 2848 3639 cit.
2872 3580 3137 3659 itemque
3172 3582 3259 3637 di·-

1104 3671 1257 3729 soria
1272 3670 1488 3727 notatis
1519 3668 1714 3727 adhuc
1746 3670 1820 3725 ad
1852 3668 2132 3725 honorem
2214 3686 2421 3724 uorum
2454 3668 2721 3724 fratrum
2756 3665 3115 3743 rescriptum
3152 3664 3256 3741 leg·

1106 3754 1298 3811 aditus
1315 3764 1372 3811 et
1390 3753 1466 3810 ad
1504 3753 1722 3810 curiam
1746 3750 1970 3809 reditus
1989 3748 2097 3807 fuit
2114 3790 2133 3817 ,
2230 3750 2319 3808 13.

1099 3846 1246 3893 teste
1264 3836 1544 3893 Cicerone
1562 3854 1667 3911 pro
1679 3833 1953 3893 Cluentio
1974 3850 2097 3890 uu
2116 3874 2131 3887 .
2300 3852 2331 3889 a
2380 3829 2605 3888 Lollius
2634 3829 2887 3887 Urbicus
2916 3826 3107 3905 legati
3146 3848 3265 3885 mu-

1099 3918 1322 3977 ’l'amen
1344 3917 1463 3995 dig.
1510 3922 1577 3977 L.
1613 3936 1670 3975 α.
1706 3915 1743 3975 5
1779 3916 1981 3973 ordine
2014 3934 2136 3971 mo·
2214 3934 2354 3971 nere
2380 3912 2625 3990 fungens
2646 3912 2949 3970 Britannos
2968 3910 3139 3979 uicit,
3162 3910 3265 3969 Pio

1103 3999 1148 4055 ti
1186 4020 1253 4057 ex
1277 4000 1530 4071 crimine,
1565 3998 1726 4077 quod
1759 3995 2137 4074 ignominiam
2218 3998 2541 4075 imperante
2560 4036 2575 4052 .
2634 3994 2889 4074 Capitol.
2924 3992 2989 4051 in
3022 3996 3091 4052 P.
3132 4012 3255 4070 cap.

1101 4080 1380 4159 importat
1419 4126 1437 4152 ,
1489 4082 1550 4140 in
1605 4094 1953 4159 perpetuum
2008 4100 2138 4137 mo·-
2218 4080 2294 4143 V.

1101 4176 1344 4221 uantur.
1393 4166 1547 4241 Ergo
1579 4162 1928 4222 Volumnius
1950 4160 2025 4222 ob
2057 4161 2141 4218 le-
2301 4160 2338 4220 3
2384 4159 2517 4239 Dig.
2541 4180 2735 4221 nvn.
2760 4180 2814 4249 7.
2850 4178 2909 4231 2,
2942 4154 3163 4219 Paulus
3186 4156 3259 4217 V·

1103 4244 1232 4305 uiua
1283 4247 1502 4308 crimen
1557 4248 1746 4307 ruem
1800 4245 2089 4325 relegatus
2122 4286 2139 4305 .
2224 4262 2321 4306 ae·
