3384 5134
913 520 963 576 1.
996 526 1020 574 1
1050 528 1089 574 ι
1114 528 1156 575 r.
1186 528 1229 575 n
1310 522 1447 575 1111
2109 523 2135 570 1
2160 524 2184 570 1
2209 517 2246 573 t

118 622 585 729 percusserim
609 646 831 723 quam
856 621 947 696 ab
974 622 1119 695 alio
1140 623 1423 723 percuti
1458 618 1760 693 uiderim
1790 612 1834 653 *
1863 676 1881 690 .
1927 618 2254 693 Tertium

122 746 197 819 de
222 744 401 817 meis
425 740 747 817 friuoleis
770 754 805 791 ὃ
830 741 1096 815 addam
1124 797 1141 812 .
1178 742 1335 815 Scis
1358 756 1440 814 ut
1462 740 1538 812 in
1570 739 1912 813 omnibus
1945 739 2266 837 argenta*

120 864 233 936 riis
266 859 615 941 mensulis
653 917 676 955 .,
735 859 1087 961 perguleis
1113 916 1136 955 ,
1195 859 1547 934 taberneis
1583 914 1604 949 ‚
1656 860 2045 961 protecteis
2074 912 2097 951 .,
2132 884 2264 929 ue-

121 982 393 1055 stibulis
428 1039 449 1077 ,
508 980 831 1055 fenestris
854 1037 880 1077 ‚
936 1008 1445 1083 usquequaque
1465 1037 1488 1076 ,
1544 980 1814 1082 ubique
1845 1036 1870 1075 ‚
1924 978 2266 1078 imagines

118 1117 385 1174 uestrae
427 1101 574 1175 sirit
608 1101 824 1199 uolgo
859 1103 1283 1204 propositae
1310 1158 1333 1197 ,
1392 1102 1582 1175 male
1613 1100 1778 1174 illae
1816 1101 2110 1202 quidem
2148 1099 2268 1200 pi·

124 1234 273 1292 ctae
307 1218 691 1321 pleraeque
718 1234 792 1293 et
827 1244 1055 1294 crassa
1076 1278 1099 1315 .,
1132 1218 1319 1295 lutea
1360 1220 1591 1293 immo
1619 1278 1642 1316 .,
1704 1222 2022 1293 Minerua
2053 1222 2264 1293 fictae

125 1335 521 1437 scalptaeue
554 1350 573 1385 ¹
606 1369 629 1434 ς
673 1364 845 1411 cum
910 1339 1202 1413 interim
1235 1367 1633 1441 numquam
1662 1355 1784 1413 tua
1834 1341 2072 1438 imago
2114 1351 2268 1411 tam

122 1454 487 1533 dissimilis
542 1458 637 1532 ad
674 1456 933 1532 oeulos
987 1485 1189 1534 meos
1229 1460 1303 1532 iu
1349 1461 1599 1534 itinere
1630 1456 1902 1534 accidit
1929 1516 1959 1555 ,
2001 1475 2083 1533 ut
2117 1483 2264 1532 non

121 1600 201 1649 ex
244 1601 369 1649 ore
420 1600 591 1650 meo
624 1578 1020 1651 excusserit
1053 1579 1327 1653 rictum
1361 1576 1636 1653 osculei
1666 1593 1738 1651 et
1771 1602 2112 1651 somnum
2140 1632 2159 1648 .

321 1695 393 1771 N
396 1721 537 1770 unc
562 1710 646 1769 ut
680 1694 1004 1770 friuoleis
1028 1698 1251 1771 finem
1284 1697 1546 1771 faciam
1583 1754 1605 1793 ‚
1661 1712 1736 1771 et
1769 1709 2146 1769 conuertar
2169 1692 2265 1766 ad

126 1812 383 1887 serium
408 1872 434 1909 .,
470 1796 603 1891 liae
625 1814 905 1889 litterae
934 1830 1089 1889 tuae
1114 1840 1286 1889 cum
1308 1816 1565 1917 primis
1602 1813 1878 1888 indicio
1911 1812 2097 1885 mihi
2117 1811 2270 1883 fue-

123 1950 277 2008 runt
302 1949 580 2037 quanto
602 1962 820 2037 opere
848 1928 886 1985 ¹²
922 1951 988 2009 te
1014 1936 1315 2035 diligam
1340 1992 1361 2031 ‚
1394 1960 1571 2009 cum
1612 1935 1843 2033 magis
1883 1930 2268 2035 perturba·-

124 2064 231 2123 tus
251 2080 417 2131 sum
444 2054 539 2129 ad
566 2070 773 2129 tuum
794 2055 1021 2157 quam
1060 2057 1155 2130 ad
1180 2055 1365 2129 filiae
1390 2072 1549 2131 tuae
1582 2053 1992 2155 periculum
2020 2087 2040 2124 ε
2093 2076 2266 2124 cum

124 2173 388 2277 alioqui
418 2193 487 2251 te
512 2177 807 2280 quidem
836 2178 1069 2273 mihi,
1130 2177 1357 2253 filiam
1394 2206 1563 2253 uero
1594 2193 1794 2263 tuam
1827 2178 2049 2251 etiam
2075 2172 2210 2247 tibi
2235 2224 2262 2265 ‚

124 2306 197 2364 ut
216 2320 341 2392 par
372 2309 485 2371 est
512 2351 535 2390 ,
574 2299 1039 2397 superstitem
1070 2298 1367 2398 cupiam
1403 2355 1421 2371 .
1459 2296 1600 2373 Sed
1621 2297 1798 2369 heus
1830 2312 1908 2369 tu
1935 2293 2210 2368 uidebis
2238 2344 2264 2385 .,

120 2434 203 2481 ne
225 2410 509 2486 delator
538 2417 803 2491 existas
832 2470 855 2509 ‚
914 2443 1089 2489 neue
1127 2416 1400 2489 indicio
1432 2442 1681 2516 pareas
1711 2426 1746 2466 ²
1779 2414 1978 2514 apud
1999 2412 2224 2487 filiam
2249 2440 2274 2481 ε

122 2533 311 2630 quasi
336 2560 505 2609 uero
532 2562 665 2633 ego
696 2550 763 2610 te
782 2563 1000 2638 quam
1024 2537 1227 2615 illam
1255 2540 1481 2637 magis
1506 2536 1812 2635 diligam
1839 2594 1856 2609 .
1899 2537 2088 2610 Nam
2111 2556 2277 2633 per·

125 2648 391 2729 iculum
411 2670 561 2749 est,
588 2682 677 2729 ne
692 2683 777 2731 ea
798 2684 873 2731 re
894 2657 1039 2732 filia
1067 2673 1183 2732 tua
1206 2672 1587 2734 commota
1606 2688 1627 2753 3
1656 2672 1740 2731 ut
1763 2670 1796 2705 ⁰
1820 2670 1927 2731 est
1945 2653 2176 2755 grauis
2195 2664 2270 2723 et

124 2771 349 2865 prisca
376 2775 641 2853 femina
669 2808 692 2871 ς
747 2780 1084 2877 poscenti
1116 2780 1298 2851 mihi
1326 2804 1580 2855 manus
1600 2794 1675 2855 et
1693 2778 1980 2879 plantas
2031 2774 2126 2850 ad
2155 2798 2272 2847 sa·-

124 2888 465 2975 uiandum
488 2922 819 2995 eaqcausa
854 2898 1106 2972 iratior
1138 2897 1513 2972 subtrahat
1546 2912 1669 2973 aut
1706 2897 2064 2998 grauatius
2098 2920 2276 2995 polb

122 3006 297 3105 rigat
320 3048 341 3085 ε
396 3017 603 3091 cuius
622 3043 755 3115 ego
784 3018 901 3091 dei
931 3012 967 3067 ἆ
998 3018 1175 3093 boni
1214 3021 1233 3089 !
1296 3043 1547 3091 manus
1584 3018 1926 3118 paruolas
1953 3016 2270 3118 plantas·

311 3246 347 3277 ⁴*
392 3244 496 3311 M.
546 3240 835 3315 Facilius
870 3242 1091 3317 filium
1138 3245 1285 3334 quis
1328 3268 1525 3312 suum
1560 3244 1775 3313 caedit
1798 3292 1819 3327 ‚
1856 3265 2060 3334 quam
2085 3244 2274 3311 caedi

120 3334 199 3399 ab
254 3334 389 3402 alio
436 3337 687 3425 patitur
724 3385 742 3402 .

184 3570 221 3601 a
254 3554 333 3605 Ex
361 3552 437 3602 ela
467 3548 583 3603 feeit
614 3552 659 3602 is
692 3548 975 3601 emendator
1012 3550 1065 3599 in
1122 3546 1217 3599 hoc
1249 3564 1299 3603 et
1345 3551 1657 3619 sequentibus
1694 3550 1880 3619 aliquot
1938 3556 2102 3607 uerbi·
2122 3596 2135 3608 .
2173 3554 2278 3629 Ego

120 3640 235 3675 uero
264 3622 595 3675 archs-imum
636 3622 849 3672 retineo.
920 3619 951 3671 b
989 3623 1065 3672 It·
1104 3620 1215 3670 ond.
1254 3637 1303 3671 a.
1344 3638 1529 3683 manu3
1562 3636 1613 3673 at
1658 3638 1704 3674 1.
1739 3634 2074 3694 quanupere.
2145 3644 2174 3676 c
2215 3630 2282 3679 [Β

118 3694 474 3817 ἒηῗεηέιὲιτιιι·
510 3708 557 3741 a.
614 3708 767 3742 mann
784 3708 803 3755 3
830 3688 1003 3811 ‘2151oe
1050 3689 1189 3743 haud
1236 3693 1338 3743 ocio
1394 3711 1459 3747 au
1494 3692 1760 3765 elegantia·
1803 3696 1965 3746 omitti
2021 3698 2278 3751 uidentur.

212 3782 261 3817 ta
395 3799 410 3816 .
452 3776 493 3815 Ι.
530 3781 714 3825 mnuu3
750 3776 797 3820 2,
910 3797 923 3811 .

206 3884 229 3919 ι
270 3862 379 3921 Hic
398 3862 565 3919 locus
596 3860 807 3937 insigni
848 3861 1160 3919 documen-
1240 3861 1467 3921 artificii
1483 3906 1501 3934 ,
1525 3874 1768 3923 aetatem
1791 3864 2046 3924 eiusdem
2067 3884 2279 3943 eogno-

121 3955 184 4001 ιο
216 3960 299 4003 est
335 3990 355 4015 ,
388 3942 547 4001 omni
582 3956 769 4001 aetate
802 3947 975 4001 etiam
996 3944 1159 4019 poli-
1238 3964 1401 4003 scere
1432 3946 1633 4004 liceat.
1658 3952 1746 4007 De
1769 3950 2094 4027 frugalibus
2129 3952 2282 4006 Tra-

120 4026 333 4085 tissima
366 4025 551 4086 malos
574 4024 821 4083 artifices
842 4047 971 4085 cum
990 4026 1159 4085 bonis
1240 4027 1361 4086 iani
1398 4048 1625 4107 quoque
1642 4032 1847 4089 statuis
1866 4032 1996 4111 lege
2025 4029 2281 4091 Plinium

98 4109 353 4171 uixisse.
376 4106 693 4168 claudicat
713 4108 891 4184 igitur
920 4108 1023 4166 ine
1056 4131 1163 4168 ca-
1244 4131 1452 4189 paneg.
1492 4132 1613 4190 cap.
1644 4134 1740 4171 ιν.

120 4190 579 4269 non,quimultis
598 4190 772 4251 ualde
784 4191 1161 4268 plaeet,nem-
1322 4215 1353 4253 2
1402 4196 1657 4273 Usurpat
1709 4197 2016 4259 iuridicam
2051 4196 2281 4273 formu-f·

122 4290 197 4357 γε
228 4276 387 4357 quod
420 4294 453 4333 ο
490 4272 755 4333 bonitate
796 4286 895 4333 aut
929 4274 1158 4335 uilitate
1234 4275 1359 4336 lam
1388 4278 1646 4340 fronto.
