3384 5134
2775 250 2795 293 x

1063 461 1204 551 ¹⁷⁰
1972 499 1979 513 ·

1067 642 1072 645 ,
1677 560 1711 663 (
1746 566 1812 640 A
1837 562 1899 637 D
1978 564 2051 641 U
2075 566 2140 641 E
2166 566 2227 639 R
2258 566 2331 643 U
2360 564 2433 641 M
2470 582 2503 617 ⁸
2534 564 2569 669 )

1762 738 1819 789 1.
1868 710 2210 811 (nomuo
2250 713 2449 814 nno)
2477 768 2499 787 .

577 914 953 1037 fflffissvlffi
1269 977 1327 996 ..
1350 980 1369 995 .
1411 922 1555 1015 Sit,
1611 923 1825 1026 quod.
1862 923 2112 1017 iubeS‚
2168 938 2449 999 rectum
2499 925 2799 1001 fortasse
2824 980 2847 1017 ,
2904 928 3031 1003 sed
3086 954 3215 1003 se-

579 1056 860 1110 nemo·
1055 1064 1220 1115 rum
1247 1076 1268 1115 ε
1320 1072 1544 1147 neque
1573 1046 1771 1121 enim
1798 1047 2041 1119 omnia
2074 1103 2093 1141 ,
2136 1073 2317 1149 quae
2338 1045 2523 1153 ratio
2547 1042 2875 1146 postulat
2903 1104 2930 1143 ‚
2987 1048 3217 1122 etiam

1051 1177 1242 1237 aetas
1279 1164 1582 1251 tolerat.
1638 1170 1759 1239 Au
1796 1158 1833 1214 Ι)
1871 1180 1949 1237 tu
2004 1190 2317 1266 cycnum
2354 1190 2562 1263 coges
2593 1166 2669 1237 in
2722 1164 2978 1241 ultima
3024 1192 3209 1240 can-

1059 1284 1254 1357 tione
1287 1287 1672 1359 cornicum
1714 1284 2013 1361 uoculas
2068 1278 2476 1361 aemulari?
2506 1341 2523 1357 .
2560 1340 2579 1357 .
2618 1342 2637 1357 .

1315 1460 1332 1476 .
1365 1460 1383 1477 .
1430 1418 1462 1454 ⁰
1510 1405 1801 1504 ingenio
1840 1404 2280 1507 discrepanti
2334 1405 2613 1480 iuberes
2682 1433 2773 1480 ne
2818 1432 2939 1480 me
3010 1397 3211 1477 unffi

1054 1539 1309 1602 contra
1335 1541 1662 1601 naturam
1693 1581 1717 1622 ‚
1776 1526 2079 1601 aduerso
2132 1528 2331 1628 quod
2352 1529 2554 1609 aiunt
2586 1528 2883 1603 flumine
2911 1520 2954 1601 ?
3002 1524 3206 1618 Quid

1053 1647 1273 1748 siquis
1303 1646 1707 1749 postularet
1742 1661 1826 1720 ut
1858 1638 1899 1680 *
1935 1647 2233 1721 Phidias
2270 1647 2547 1721 ludicra
2570 1703 2593 1742 .,
2649 1661 2775 1721 aut
2824 1643 3209 1719 Canachus

1058 1764 1276 1840 deum
1309 1766 1697 1841 simulacra
1730 1766 2017 1863 fingeret
2048 1759 2091 1839 ’.Ρ
2140 1782 2264 1841 aut
2296 1766 2613 1841 Calamis
2662 1766 2899 1839 tur-ina
2932 1776 2964 1813 e
3000 1820 3025 1861 ,
3080 1776 3205 1835 aut

985 1974 992 1984 Ι
1051 1885 1463 1989 Polycletus
1487 1882 1809 1965 ‘etrusca
1843 1884 1885 1969 ’.Ρ
1936 1892 2133 1985 Quid
2162 1892 2224 1967 si
2257 1892 2721 1967 Parrhasium
2744 1901 2782 1960 8
2802 1889 3205 1967 uersicolo-

1052 2032 1132 2079 ra
1163 2008 1455 2108 pingere
1482 2010 1760 2085 iuberet
1783 2066 1808 2107 ‚
1854 2028 1979 2086 aut
2004 2012 2307 2114 Apellen
2330 2013 2708 2087 unicolora
2738 2070 2759 2109 ‚
2816 2028 2945 2087 aut
2978 2012 3046 2084 N
3052 2010 3207 2084 eal-

1053 2150 1186 2199 cen
1237 2130 1657 2229 magnifica‚
1710 2146 1833 2205 aut
1896 2132 2160 2207 Nician
2190 2133 2547 2223 obscura,
2598 2146 2723 2207 ant
2762 2132 3201 2232 Dionysium

1049 2244 1378 2325 inlustria
1403 2306 1427 2346 ‚
1483 2268 1606 2327 aut
1655 2254 1950 2329 lasciuia
1984 2246 2023 2305 Β
2057 2255 2666 2357 Euphranorem,-
2702 2271 2827 2331 aut
2855 2256 3205 2329 Pausiam

1232 2478 1265 2509 ⁴
1311 2478 1412 2543 M.
1466 2475 1596 2560 Qui
1636 2473 1969 2541 artificum
1990 2476 2150 2565 quid
2182 2474 2421 2545 melius
2442 2476 2686 2573 singuli
2710 2478 2987 2547 fecerint
3012 2526 3029 2543 .
3068 2478 3201 2544 Fi-

1059 2584 1272 2635 ctores
1317 2564 1573 2634 nobiles
1609 2566 1875 2633 Phidias
1910 2585 2038 2635 etc.

1119 2803 1156 2835 a
1191 2778 1335 2843 Quod
1366 2780 1474 2830 heic
1507 2794 1639 2845 pono
1675 2775 2000 2849 fragmentum
2035 2798 2066 2829 a
2100 2798 2154 2847 p.
2188 2788 2284 2847 ¹⁷¹²
2306 2780 2370 2832 ad
2396 2796 2675 2849 174,exnat
2704 2784 2756 2835 in
2790 2782 2985 2833 duobus
3018 2786 3205 2843 confici.

1053 2855 1242 2907 romani
1273 2850 1403 2903 foliis
1433 2868 1517 2903 aeu
1549 2853 1736 2921 pagini·
1759 2867 2001 2919 quatuor,
2034 2852 2275 2903 continuio
2318 2850 2519 2921 quidem
2544 2854 2671 2903 inter
2692 2872 2743 2904 ae
2772 2854 2857 2904 aed
2880 2871 2983 2907 non
3016 2860 3117 2909 ἀρε
3133 2862 3203 2913 12-

1051 2929 1194 2976 cnnia
1216 2957 1229 2971 .
1255 2926 1360 2974 Iam
1379 2924 1498 2973 haec
1525 2922 1626 2971 duo
1647 2922 1764 2971 folia
1787 2923 2044 2977 cohaerent
2064 2924 2113 2973 in
2134 2924 2301 2974 codiee
2325 2940 2441 2974 cum
2458 2920 2693 2992 'epiatulae
2718 2923 2779 2973 ad
2799 2928 2857 2975 L.
2876 2928 3065 2977 verum
3074 2932 3203 2999 imp.

1053 3014 1194 3064 parre
1223 2994 1304 3045 illa
1323 3012 1520 3045 romana
1541 3010 1690 3062 quam
1713 2994 1872 3043 acribo
1892 3012 1943 3061 p.
1964 2998 2076 3061 176.
2101 2994 2251 3045 Porro
2273 3012 2429 3063 quum
2455 3012 2566 3047 ante
2588 2996 2722 3046 illam
2750 2996 3006 3061 epistulam
3033 3004 3203 3070 expli-

1053 3070 1177 3129 ciat,
1205 3080 1254 3116 et
1279 3068 1477 3135 quidem
1507 3066 1805 3117 coniunctim
1828 3066 1879 3115 in
1910 3066 2079 3116 eadem
2099 3067 2281 3117 codicia
2298 3066 2495 3117 mediol.
2513 3068 2687 3137 pagina
2708 3103 2721 3125 ,
2744 3064 3073 3136 fragmentum
3096 3076 3203 3140 epi·

1053 3140 1208 3193 arulae
1225 3154 1339 3187 cum
1362 3138 1546 3189 snb-cri
1571 3152 1636 3186 to
1657 3136 1800 3187 titulo
1822 3150 1895 3187 An
1914 3153 2317 3194 unumneoeaae
2338 3154 2423 3195 eat,
2452 3152 2505 3187 ut
2526 3136 2646 3188 haec
2668 3138 2768 3187 duo
2790 3155 2989 3190 romana
3009 3140 3127 3193 folia
3152 3160 3205 3193 et

1051 3229 1164 3263 ante
1185 3208 1486 3278 praedit-,Pom
1521 3207 1849 3279 fragmentum
1889 3208 2187 3259 collocentur
2220 3226 2271 3259 et
2296 3210 2626 3260 inscribantur
2651 3224 2723 3259 An
2748 3224 2935 3261 uun!
2958 3244 2971 3257 .
3014 3215 3103 3265 Eat
3128 3230 3199 3264 ta-

1051 3296 1166 3333 men
1211 3280 1292 3330 hic
1331 3281 1489 3332 Verus
1517 3283 1621 3347 ipse
1657 3281 1853 3329 Mareu·
1876 3313 1889 3337 ,
1928 3296 1983 3329 ut
2018 3281 2253 3340 arbitror,
2276 3280 2440 3329 adhuc
2464 3278 2588 3330 illud
2624 3296 2802 3331 nomen
2837 3280 3049 3333 retinen·
3084 3302 3202 3336 ante

1055 3368 1302 3403 nummum
1323 3352 1581 3417 imperium
1596 3386 1610 3409 ,
1629 3367 1686 3401 ut
1706 3352 2043 3421 cognoacimua
2059 3368 2121 3402 ex
2136 3370 2215 3419 ep.
2249 3351 2310 3403 ad
2333 3354 2421 3401 -Μ,
2443 3354 2573 3402 Gaea.
2598 3352 2671 3401 Π.
2696 3356 2744 3409 8,
2768 3350 2923 3402 donec
2954 3352 3009 3401 id
3032 3355 3201 3422 ipsum

1054 3423 1106 3475 in
1129 3424 1329 3476 fratrem
1348 3424 1558 3474 Lucium
1588 3422 1832 3472 tranatulit
1852 3436 1963 3488 poat
1982 3423 2052 3473 Pii
2088 3423 2280 3473 obitum
2299 3461 2311 3474 .
2348 3422 2550 3489 Capitol.
2570 3424 2622 3471 in
2649 3424 2721 3473 Μ.
2744 3436 2868 3475 vnt.
2906 3424 3033 3474 Sane
3072 3428 3198 3494 quin

1053 3495 1121 3546 ad
1157 3498 1382 3545 Marcum
1419 3494 1735 3546 heiescriban:
1768 3494 1950 3543 Fronto
1984 3495 2068 3543 uix
2109 3492 2331 3545 dubitare
2364 3494 2497 3551 licet,
2536 3492 2845 3543 conaideratia
2888 3494 2949 3543 iia
2982 3512 3112 3562 qnae
3134 3500 3197 3547 de

1053 3563 1360 3633 philoaophia
1394 3564 1516 3616 dicit
1534 3602 1546 3616 .
1581 3568 1740 3617 Senex
1770 3581 1933 3615 autem
1962 3580 2066 3615 erat
2092 3566 2272 3615 Fronto
2300 3566 2393 3614 hoc
2421 3580 2638 3633 rempore
2655 3600 2669 3623 ,
2712 3567 2799 3631 qui
2842 3564 3073 3617 uidelicet
3098 3572 3197 3619 iam

1057 3638 1149 3687 auh
1171 3634 1414 3685 Hadriano
1439 3636 1576 3687 haud
1592 3652 1694 3687 erat
1712 3636 1900 3688 iuueni·
1921 3671 1935 3684 .
2004 3634 2035 3685 b
2072 3638 2287 3703 Sequens
2310 3638 2542 3687 tentantia
2568 3652 2735 3687 utrum
2755 3652 2871 3684 cum
2894 3640 3198 3701 praeceden-

1050 3720 1098 3755 te
1137 3720 1452 3758 connectatur
1485 3708 1536 3757 in
1574 3706 1781 3773 epistula
1799 3740 1814 3763 ‚
1852 3708 2095 3758 incertum
2130 3724 2201 3757 eat
2224 3748 2236 3759 .
2262 3710 2384 3757 Nam
2420 3722 2625 3775 utraque
2659 3707 2893 3757 aententia
2924 3724 2956 3757 a
2990 3726 3075 3757 me
3104 3728 3198 3761 ex-

1051 3780 1282 3829 mihitur
1315 3796 1342 3827 e
1377 3781 1590 3847 margine
1607 3812 1622 3835 ,
1667 3780 1786 3847 quia
1822 3794 1954 3829 totus
1998 3780 2047 3828 in
2088 3777 2181 3829 hac
2222 3781 2393 3849 pagina
2426 3784 2685 3829 contextus
2737 3777 3045 3829 oblitteratu-
3088 3798 3163 3831 eat
3181 3822 3195 3830 .

1049 3864 1080 3899 c
1115 3852 1250 3911 Quae
1283 3865 1577 3916 aeqnuntur,
1599 3850 1686 3898 erai
1715 3864 1828 3899 auut
1850 3848 1901 3897 in
1924 3852 2105 3915 postica
2142 3849 2355 3901 eiusdem
2387 3848 2491 3900 folii
2530 3852 2703 3920 pagina
2722 3886 2736 3907 ,
2759 3864 2917 3899 tamen
2962 3849 3195 3901 uidentur

1047 3935 1164 3987 para
1184 3922 1328 3971 uniu-
1353 3918 1668 3987 eiuademque
1693 3920 1952 3986 epistulae.
2006 3921 2043 3970 d
2086 3925 2145 3971 In
2172 3922 2401 3991 margine,
2425 3923 2509 3971 ubi
2539 3923 2770 3972 sententia
2790 3921 3047 3985 repetitur,
3072 3926 3197 3973 scri-

1049 3991 1188 4040 bitur
1221 3990 1414 4043 iuheres
1437 4007 1499 4039 ne
1533 4008 1610 4039 me
1645 3988 1851 4059 ingenio
1886 3990 2203 4061 discrepante
2224 4028 2237 4042 .
2307 4010 2334 4039 e
2372 3994 2447 4042 lta
2470 3992 2662 4042 uidetur
2700 4008 2899 4044 amana
2916 4010 2937 4053 3
2960 4006 3011 4041 at
3050 4004 3193 4043 Ltu-

1045 4078 1203 4121 rena.
1273 4058 1308 4125 f
1329 4063 1403 4113 Ita
1433 4062 1484 4111 in
1507 4077 1768 4123 contextu5
1788 4078 1840 4111 at
1868 4063 1919 4111 in
1938 4065 2153 4135 margine
2180 4060 2454 4129 Polyclitus
2474 4098 2489 4121 ‚
2512 4066 2747 4114 nimirum
2772 4080 2833 4113 ex
2853 4063 3054 4114 diuersa
3074 4082 3187 4129 pro·

1049 4130 1363 4270 naucitati'on'e
1385 4128 1502 4273 ἷοῦ
1531 4155 1620 4273 ud.
1647 4146 1728 4196 Sic
1764 4143 1946 4199 dieitur
1986 4143 2267 4199 Parae-Bau
2310 4164 2362 4201 et
2406 4147 2697 4201 Paracletus·
2721 4186 2737 4202 .
2802 4166 2846 4221 g
2886 4150 2945 4201 ln
2970 4154 3197 4223 margine

1051 4234 1152 4270 ame
1242 4255 1260 4275 .
1424 4236 1474 4273 ta
1517 4238 1576 4272 co
1611 4261 1626 4280 .
2411 4234 2415 4239 '
