3384 5134
2519 320 2568 361 e

1093 390 1233 480 160
1257 448 1264 461 .
1531 403 1629 467 'Au
1734 414 2182 469 mmmmm
2254 374 2806 467 :upana-roura

1108 512 1359 587 auide
1340 512 1763 616 prospicio.
1786 515 2027 611 Uale,
2054 502 2161 589 rui
2180 514 2699 590 iucundissime
2724 516 3103 614 magister.
3120 518 3267 591 Ne-

1111 646 1370 733 potem
1422 633 1715 709 saluta.

1566 814 1735 863 1111.
1774 810 2159 861 uaclsrno
2194 810 2369 861 'MEO
2422 809 2765 859 SALurnu
2802 840 2825 859 0

1363 1000 1592 1091 Quom
1647 1014 1680 1049 ⁸
1736 997 2117 1075 salubritas
2194 996 2383 1071 ruris
2456 996 2668 1070 huius
2754 1021 2875 1069 me
2950 994 3271 1071 delecta-

639 1137 915 1193 mmm
953 1142 1028 1193 m
1126 1132 1238 1193 ret
1262 1173 1285 1212 .,
1315 1119 1709 1193 sentiebam
1738 1144 1889 1193 non
1922 1119 2287 1193 mediocre
2322 1117 2510 1191 illud
2550 1117 2737 1191 mihi
2776 1116 3019 1189 deesse
3050 1118 3159 1191 uti
3186 1117 3273 1189 de

641 1210 1020 1339 &³31ssng
1121 1250 1244 1312 tua
1301 1266 1588 1340 quoque
1639 1240 1835 1314 bona
1892 1238 2301 1313 ualetudine
2346 1252 2579 1315 certus
2614 1264 2845 1313 essem
2878 1292 2903 1330 ,
2954 1238 3067 1310 mi
3116 1264 3277 1310 ma-

1115 1360 1332 1459 gister
1369 1414 1390 1431 .
1435 1360 1526 1433 Id
1559 1360 1668 1433 uti
1714 1359 2050 1463 suppleas
2076 1417 2099 1457 .,
2154 1360 2334 1438 deos
2370 1388 2503 1437 oro
2532 1419 2549 1435 .
2582 1360 2987 1437 Rusticatio
3024 1376 3269 1433 autem

1112 1486 1364 1555 nostra
1395 1480 1562 1579 μετέ
1587 1488 1925 1567 manda<
1952 1474 1991 1531 b
2042 1509 2338 1583 prorsus
2372 1483 2740 1581 negotium
2772 1481 2956 1555 illud
2978 1494 3095 1554 est
3124 1481 3276 1551 uei-

1115 1616 1228 1677 tae
1262 1614 1294 1650 ⁰
1327 1616 1609 1701 togatae
1641 1615 1660 1649 ¹
1689 1657 1711 1673 .
1740 1602 1940 1687 Quid
1984 1608 2267 1705 quaeris
2298 1600 2343 1681 ’.7
2382 1602 2576 1679 hanc
2622 1607 2859 1706 ipsam
2890 1602 3271 1705 epistulam

1112 1722 1492 1823 paululum
1519 1750 1636 1797 me
1661 1750 1963 1825 porgere
1984 1718 2024 1777 d
2048 1754 2199 1801 non
2213 1728 2457 1801 sinunt
2475 1728 2815 1803 instantes
2838 1751 3079 1819 curae,
3102 1753 3269 1825 qua-

1117 1870 1286 1917 rum
1345 1845 1636 1919 uacatio
1673 1847 1913 1921 noctis
1968 1847 2267 1923 demum
2323 1848 2562 1949 aliqua
2612 1862 2818 1949 parte
2850 1848 3209 1945 contingit
3248 1901 3266 1915 .

1119 1962 1304 2041 Uale
1339 2019 1364 2057 .,
1421 1964 1528 2037 mi
1565 1964 2083 2041 iucundissime
2136 1970 2477 2067 magister
2503 1992 2535 2040 ·.
2586 1968 2959 2043 Ciceronis
2996 1968 3261 2071 epistu-
3346 2012 3348 2019 ·

1117 2080 1226 2157 las
1257 2139 1280 2179 .,
1307 2083 1369 2159 si
1393 2084 1580 2160 sorte
1609 2084 1900 2183 electas,
1934 2102 2127 2163 totas
2154 2086 2269 2163 uel
2294 2087 2707 2162 dimidiatas
2732 2088 2947 2162 hahes
2964 2145 2989 2183 .,
3028 2089 3263 2189 inper-
3346 2116 3348 2155 ÷

1119 2204 1258 2277 tias
1299 2260 1324 2299 ‚
1381 2203 1497 2277 uel
1549 2230 1769 2280 mone
1800 2234 1979 2307 quas
2026 2208 2501 2310 potissimum
2532 2206 2861 2305 legendas
2894 2206 3086 2281 mihi
3116 2233 3267 2281 cen·
3346 2234 3348 2281 ÷

1111 2348 1270 2409 seas
1313 2324 1410 2406 ad
1443 2325 1863 2405 facultatem
1912 2329 2269 2402 sermonis
2306 2324 2699 2401 fouendum
2736 2380 2759 2400 .

1853 2590 1931 2639 v.
1984 2588 2279 2639 nummo
2314 2592 2491 2641 ,nno
2522 2620 2543 2638 .

1325 2808 1441 2899 Qu
1456 2832 1723 2881 merus
1746 2816 1777 2854 θ
1810 2803 1937 2885 hic
1980 2804 2135 2883 dies
2156 2820 2269 2879 est
2296 2818 2379 2879 ut
2412 2818 2793 2905 correptus
2826 2830 2989 2879 sum
3026 2803 3277 2881 dolore

648 2956 926 3008 mem-ra
951 2954 1025 3005 m
1121 2927 1632 3002 membrorum
1679 2928 2013 3003 omnium
2038 2983 2061 3023 .,
2092 2929 2481 3029 praecipue
2522 2942 2765 3001 autem
2810 2928 3187 3003 ceruicum
3214 2942 3281 3000 et

643 3028 921 3152 gfffig
909 3028 1025 3077 V*
1129 3051 1558 3148 inguinum.
1615 3051 1915 3124 Memini
1936 3076 2058 3125 me
2080 3052 2523 3151 excerpsisse
2546 3076 2639 3123 ex
2662 3044 2705 3088 *
2734 3050 3108 3125 Ciceronis
3128 3048 3277 3147 epi-

1123 3170 1332 3244 stulis
1357 3196 1436 3245 ea
1467 3169 1851 3245 dumtaxat
1876 3169 2139 3271 quibus
2170 3171 2431 3275 inesset
2470 3169 2707 3273 aliqua
2746 3169 2837 3242 de
2874 3168 3277 3271 eloquentia
3343 3216 3345 3227 ·

1161 3440 1174 3453 ·
1293 3406 2006 3476 *MDeinaliisn.

1239 3647 1277 3679 a
1311 3632 1435 3681 eod.
1473 3652 1626 3700 quam
1651 3674 1664 3687 .
1733 3634 2061 3686 scribendum
2114 3638 2282 3687 censui
2329 3650 2523 3705 qzwm3
2574 3650 2790 3702 namque
2846 3630 3090 3680 mendum
3140 3644 3275 3699 quam

1107 3705 1219 3779 'pro
1254 3728 1402 3783 quom
1450 3714 1567 3766 alin
1611 3716 1715 3768 uidi
1770 3720 1821 3767 in
1880 3715 1975 3763 hoe
2018 3715 2186 3767 codice
2222 3754 2237 3768 .
2308 3716 2338 3767 b
2374 3716 2497 3769 Cod.
2534 3720 2863 3769 πολεῖται
2902 3752 2919 3767 .
2986 3732 3018 3763 e
3058 3716 3135 3765 Ita
3182 3710 3279 3761 tod-

1117 3792 1223 3851 ‚Sed
1259 3794 1398 3861 prior
1419 3808 1446 3840 e
1471 3792 1688 3846 deletur.
1757 3794 1796 3843 d
1822 3794 1898 3845 Ita
1930 3794 2048 3846 cod.
2110 3810 2139 3843 e
2172 3795 2248 3846 Ita
2270 3796 2383 3846 cod.

1213 3985 1234 4019 ι
1285 3962 1518 4021 Sciiicet
1561 3966 1786 4023 Marcus
1818 3964 1993 4021 etiam
2026 3982 2160 4022 rure
2248 3962 2517 4041 epistulis
2540 4008 2556 4023 .

1125 4044 1361 4103 iudiciis
1393 4059 1448 4103 οι
1483 4046 1732 4123 negotiis
1766 4046 2034 4105 ciuilibus
2054 4066 2162 4103 ua·
2326 4072 2359 4108 α
2406 4047 2559 4106 Hine
2578 4058 2823 4126 apparet
2838 4064 2957 4103 non
2972 4064 3159 4103 unum
3188 4042 3282 4101 sed

1107 4116 1333 4198 cahat,
1369 4142 1433 4187 ιιι
1453 4150 1525 4188 ex
1549 4128 1689 4190 Veri
1716 4130 1837 4187 uita
1866 4152 1974 4208 cap
2012 4130 2161 4190 vlu
2242 4131 2441 4210 plures
2475 4132 2719 4189 collatos
2758 4128 2937 4189 fuisse
2976 4128 3055 4187 ab
3099 4148 3285 4192 emen·-

1125 4212 1538 4293 cognoscitur,
1581 4226 1754 4292 atque
1788 4213 1962 4275 etiam
1986 4236 2053 4277 ex
2068 4212 2161 4274 his
2246 4216 2451 4279 datore
2485 4214 2715 4278 codices
2744 4212 3061 4283 frontonis
3095 4255 3117 4275 .
