3384 5134
1193 468 1347 563 254
1817 491 1911 542 An
1996 491 2441 542 ANTONINUM
2528 492 2721 543 mun

1190 605 1434 665 metuo
1461 616 1548 663 ne
1584 585 1969 663 insolenter
1996 586 2243 663 laudes
2292 614 2491 665 meas
2528 586 2819 665 laudem
2846 644 2865 659 .
2906 588 3091 661 Bene
3125 589 3295 686 igitur

1186 713 1531 813 accepisti
1556 725 1628 785 et
1667 710 2073 783 rectissimo
2110 736 2325 811 opere
2356 767 2376 805 ‚
2420 712 2539 783 cui
2560 710 2799 811 plane,
2838 710 3137 811 seposita
3172 736 3291 779 ma-

1187 834 1361 905 teria
1393 887 1416 926 .,
1489 830 1731 905 omnis
1784 828 2021 901 honor
2076 826 2425 903 debetur:
2476 844 2796 903 ceterum
2848 830 2943 901 ad
2982 842 3291 903 ostentan-

1188 952 1368 1026 dum
1403 966 1436 1001 ἢ
1489 950 1672 1023 mihi
1720 950 2048 1041 animum
2102 964 2309 1025 tuum
2346 978 2497 1024 non
2558 950 2873 1025 multum
2920 950 3105 1046 egit:
3156 972 3285 1017 nam

1186 1098 1336 1145 esse
1377 1086 1442 1144 te
1467 1070 2063 1169 benignissimum
2098 1072 2429 1144 omnium
2473 1071 2840 1144 factorum
2870 1083 2946 1143 et
2976 1068 3289 1141 dictorum

1185 1217 1523 1265 meorum
1546 1188 2101 1269 conciliatorem
2124 1174 2303 1262 bene
2326 1182 2681 1267 nouerem
2707 1246 2727 1261 .
2753 1188 2939 1263 Uale
2972 1188 3073 1261 mi
3102 1190 3152 1261 F
3158 1212 3291 1259 ron·

1187 1326 1266 1386 to
1315 1312 1681 1384 carissime
1734 1308 1955 1381 mihi.
2718 1394 2729 1399 -

1387 1430 1526 1505 Illa
1579 1456 1749 1531 pars
1822 1427 2169 1507 orationis
2222 1443 2381 1503 tuae
2447 1431 2645 1505 circa
2696 1430 3077 1503 Faustinae
3132 1451 3285 1499 meae

1177 1550 1534 1639 honorem
1589 1550 1989 1649 gratissime
2044 1576 2084 1621 a
2114 1562 2181 1620 te
2220 1550 2554 1624 adsumta
2584 1607 2607 1647 ‚
2634 1552 2875 1625 uerior
2908 1550 3089 1623 mihi
3112 1572 3285 1649 quam

1178 1666 1518 1742 disertior
1565 1669 1717 1741 uisa
1770 1682 1879 1741 est
1914 1723 1932 1739 .
1992 1668 2183 1741 Nam
2235 1670 2333 1741 ita
2400 1696 2475 1743 se
2538 1696 2647 1743 τω
2706 1668 2924 1753 habet
2962 1726 2980 1741 .
3046 1666 3281 1741 Mallem

1177 1788 1588 1863 mehercule
1617 1790 1889 1889 Gyaris
1913 1800 1931 1835 ¹
1962 1813 2137 1861 cum
2168 1788 2295 1862 illa
2322 1846 2345 1887 ,
2376 1816 2598 1893 quam
2630 1792 2779 1865 sine
2810 1790 2933 1864 illa
2968 1804 3003 1843 ²
3026 1792 3097 1863 in
3124 1787 3283 1861 Pala-

1181 1913 1288 1987 tio
1348 1913 1588 1988 uiuere
1619 1968 1642 1985 .

1682 2178 1813 2227 111.
1867 2175 2257 2241 AnTomuo
2306 2180 2437 2230 1³10
2492 2179 2783 2229 Pnoxro
2820 2209 2841 2225 .

1385 2394 1462 2468 81
1527 2392 1811 2465 euenire
1833 2406 2086 2493 posset
2113 2448 2134 2488 .‚
2195 2394 2653 2495 Imperator,
2710 2408 2791 2469 ut
2820 2394 3049 2469 amici
3092 2416 3170 2469 ac
3198 2390 3271 2463 fa·

1169 2512 1479 2585 miliares
1509 2512 1739 2585 nostri
1782 2512 2043 2583 nostris
2078 2513 2413 2587 moribus
2455 2526 2719 2585 cuncta
2766 2528 3056 2609 agerent
3082 2569 3105 2607 ‚
3154 2536 3269 2583 ma·

1069 2638 1078 2647 '
1167 2633 1364 2705 xime
1425 2630 1685 2704 uellem
1712 2663 1733 2699 ε
1788 2645 1949 2703 tum
1976 2624 2014 2681 h
2041 2686 2063 2719 ,
2114 2634 2175 2707 si
2208 2661 2357 2707 non
2410 2635 2741 2709 moribus
2770 2690 2791 2719 ‚
2850 2649 2931 2709 at
2962 2635 3195 2711 saltem
3217 2642 3267 2699 ut

1171 2750 1498 2824 consiliis
1523 2753 1791 2852 ubique
1816 2754 2084 2826 nostris
2113 2770 2481 2831 uterentur
2507 2813 2526 2829 .
2582 2756 2719 2829 Sed
2744 2760 3091 2859 quoniam
3114 2776 3266 2829 suum

1169 2872 1516 2971 cuiusque
1541 2874 1907 2969 ingenium
1946 2875 2175 2949 uitam
2204 2876 2551 2973 gubernat
2580 2934 2603 2973 .‚
2662 2879 2895 2952 fateor
2924 2904 3119 2978 aegre
3164 2876 3263 2947 ser·

1169 3014 1248 3063 re
1297 3016 1416 3063 me
1450 3046 1474 3083 ,
1533 2992 1738 3092 quod
1769 2993 2051 3067 amicus
2082 3022 2289 3071 meus
2346 3000 2569 3098 Niger
2598 2990 2641 3048 3
2682 2998 3067 3074 Censorius
3100 3007 3263 3071 testa·

1167 3124 1414 3184 mento
1439 3138 1574 3187 suo
1597 3171 1622 3209 ‚
1677 3140 1829 3215 quo
1852 3140 1973 3189 me
2000 3114 2341 3191 heredem
2370 3119 2685 3192 instituit
2706 3174 2733 3212 ‚
2786 3144 3051 3217 parum
3086 3110 3263 3188 uerbis

1167 3236 1589 3333 temperarit
1618 3292 1636 3307 .
1695 3236 1789 3309 Id
1836 3262 1971 3334 ego
2022 3238 2303 3313 factum
2354 3240 2505 3315 eius
2561 3240 2957 3341 improbus
3014 3241 3185 3325 sim,
3222 3228 3261 3301 si

1168 3348 1622 3429 defendendo
1665 3382 1969 3457 purgare
2004 3357 2377 3459 postulem
2408 3391 2433 3455 ς
2486 3359 2885 3435 immemor
2918 3353 3261 3435 amicitiae,

1263 3570 1302 3603 a
1337 3554 1463 3609 Cod-
1499 3559 1857 3610 excantandum
1882 3596 1897 3610 .
1966 3558 1997 3611 b
2034 3560 2257 3614 schedae
2286 3574 2457 3624 tumn,
2493 3578 2551 3613 ut
2576 3580 2723 3631 cupre
2756 3580 2811 3631 p.
2847 3577 3107 3613 albu-⁸·

1249 3744 1274 3781 ι
1323 3724 1392 3781 In
1443 3746 1620 3803 quam
1673 3727 1897 3788 scilieet
1950 3730 2197 3791 insulam
2282 3731 2389 3788 tias
2406 3728 2659 3808 principi
2696 3730 2755 3786 in
2774 3740 2979 3787 senatu
2996 3724 3265 3805 egiul'w·

1158 3806 1242 3863 rei
1277 3806 1692 3885 relegabuntur
1713 3853 1726 3867 .
1782 3812 1967 3873 Tacit.
2004 3816 2201 3874 annal.
2284 3816 2433 3873 atina
2466 3825 2663 3871 autem
2695 3812 2871 3871 tertio
2908 3811 3095 3871 mariti
3126 3810 3263 3881 impe-

1158 3886 1266 3947 111.
1310 3891 1427 3961 68,
1462 3894 1720 3953 quenal.
1754 3897 1801 3954 1.
1842 3897 1937 3973 73.
2274 3897 2453 3959 rantis
2505 3916 2653 3953 anno
2688 3896 2807 3953 uite
2846 3906 3177 3957 exemerat·

1237 3992 1271 4031 α
1339 3974 1571 4053 Quippe
1645 3978 1919 4035 Faustina
1996 3980 2195 4039 maior
2358 3980 2394 4039 3
2436 3978 2653 4038 Consul
2690 3980 2874 4057 Niger
2918 3975 3155 4037 occurrit
3182 3988 3263 4025 δῦ·

1157 4067 1404 4113 mortem
1437 4078 1568 4115 eum
1601 4060 1721 4117 uita
1776 4059 1890 4143 iam
1924 4083 2191 4121 eommu—
2272 4062 2363 4121 nis
2398 4082 2661 4120 ncecux
2693 4074 2750 4119 et
2788 4080 3045 4121 πεῦκαι
3068 4054 3259 4133 ‚prim

1158 4146 1384 4199 tanen-nt
1416 4176 1433 4194 ·
1507 4142 1723 4201 Consul
1779 4144 1933 4202 enim
1973 4148 2192 4205 Promo
2276 4144 2554 4203 uidelicet
2582 4156 2641 4201 et
2676 4145 2883 4204 ultimo
2906 4134 3261 4203 Hadrianum·

1158 4237 1308 4279 enno
1349 4220 1440 4282 Pii
1470 4220 1808 4303 imperantis
1860 4239 2019 4289 sexto
2052 4248 2196 4308 gra·
2274 4229 2532 4307 pez-antis
2552 4246 2739 4291 anno.
