3384 5134
1066 498 1211 596 134
1660 518 1779 569 An
1858 518 1978 565 qu-
2055 505 2597 563 cAnsAnnu

1052 639 1167 699 est
1198 620 1462 695 domus
1495 670 1514 688 .
1551 614 1772 691 Recte
1795 615 1950 689 scio
1981 624 2226 686 autem
2252 662 2274 701 ‚
2313 606 2376 680 si
2407 602 2525 679 uel
2553 596 2942 674 difficulter
2973 598 3214 695 ingre·
3301 588 3337 646 -'

1050 742 1132 819 di
1170 766 1417 841 posses
1464 724 1849 813 uenturum
1899 750 1965 807 te
2009 732 2104 807 ad
2135 756 2269 804 nos
2303 728 2520 801 fuisse
2553 780 2572 795 .
2607 722 2744 798 Sed
2789 720 3034 795 uenies
3069 746 3226 793 sae-

1052 890 1147 967 pe
1172 918 1195 956 ‚
1234 874 1315 935 ‘et
1356 872 1599 933 tecum
1660 852 2190 931 celebrabimus
2233 900 2256 941 .,
2327 847 2387 919 si
2425 844 2544 918 dei
2597 840 2844 915 uolent
2894 894 2919 932 ,
2967 836 3222 911 omnia

1057 983 1231 1057 festa
1283 994 1536 1083 nostra
1562 1035 1584 1051 .
1642 976 1829 1052 Uale
1881 974 1989 1047 mi
2035 970 2372 1069 magister
2435 962 2955 1039 iucundissime
2987 1016 3005 1031 .
3068 960 3223 1031 Ma·

1064 1114 1175 1176 ter
1228 1127 1392 1177 mea
1456 1114 1521 1173 te
1590 1096 1890 1175 salutat.

1528 1364 1924 1415 xxxxnn.
1983 1330 2110 1433 59.
2171 1354 2467 1409 »omno
2537 1352 2690 1404 meo
2729 1380 2751 1399 ‚

1269 1583 1509 1657 Pumu
1550 1579 1730 1653 dum
1779 1606 1820 1653 e
1867 1578 2144 1653 balneis
2199 1604 2316 1651 me
2369 1570 2616 1649 sellula
2646 1624 2668 1663 .‚
2703 1582 2785 1641 ut
2831 1560 3165 1651 adsolent
3195 1617 3224 1654 .,

1058 1700 1421 1779 aduehunt
1457 1756 1479 1795 .,
1520 1698 2024 1800 inprudentius
2055 1697 2152 1773 ad
2192 1696 2466 1771 ostium
2498 1690 2734 1767 balnei
2780 1688 3056 1760 feruens
3094 1682 3224 1768 ad·
3335 1664 3337 1669 ’

1063 1822 1406 1897 flixerunt
1443 1877 1462 1893 .
1518 1820 1633 1893 Ita
1672 1802 1932 1917 genum
1970 1814 2013 1855 *
2037 1813 2468 1909 mihi-simul
2499 1812 2836 1885 abrasum
2869 1800 2910 1840 *
2945 1820 3020 1879 et
3071 1832 3230 1877 am-

1072 1942 1374 2017 bustum
1404 1956 1557 2017 est=
1590 1956 1846 2042 postea
1891 1944 2112 2015 etiam
2149 1942 2438 2039 inguem
2469 1930 2512 1971 *
2542 1962 2634 2007 ex
2669 1930 2909 2003 ulcere
2937 1927 3226 2003 extitit.
3313 1922 3337 1943 ”

1074 2062 1339 2137 Uisum
1372 2063 1679 2137 medicis
1705 2078 1786 2136 ut
1798 2058 2072 2175 lectulo
2099 2086 2217 2133 me
2247 2073 2554 2131 tenerem
2581 2108 2600 2125 .
2641 2052 2848 2123 Hanc
2883 2072 3180 2119 causam
3203 2100 3228 2138 ‚

1077 2185 1141 2259 si
1179 2183 1311 2257 tibi
1345 2184 1712 2260 uidebitur
1749 2240 1772 2281 .,
1811 2186 2032 2259 etiam
2061 2182 2383 2256 Domino
2417 2176 2610 2279 patri
2641 2187 2768 2245 tuo
2806 2166 3167 2242 indicabis
3201 2220 3224 2259 .‚

1076 2306 1139 2383 si
1194 2318 1434 2378 tamen
1486 2305 1855 2380 uidebitur
1892 2360 1913 2377 .
1976 2285 2242 2378 Εῐίειιῐῖ
2281 2326 2438 2374 cras
2499 2294 2684 2371 mihi
2733 2288 3234 2366 adsisoendum

1074 2424 1211 2497 erit
1247 2423 1584 2499 familiari
1614 2440 1647 2477 ⁸
1668 2484 1687 2499 .
1744 2427 2112 2502 Hodierno
2147 2426 2363 2523 igitur
2413 2420 2568 2496 otio
2601 2430 2676 2490 et
2727 2414 2961 2519 quiete
2994 2408 3232 2485 labori

1078 2570 1199 2617 me
1237 2546 1553 2620 crastino
1578 2539 2028 2649 praeparabo
2059 2602 2079 2618 .
2105 2544 2536 2620 Uictorinus
2577 2551 2819 2611 noster
2853 2546 3012 2632 aget
3041 2543 3065 2578 ¹
3086 2567 3116 2625 ‚-
3145 2554 3232 2601 ne
3335 2606 3337 2611 ,

1080 2686 1203 2735 me
1236 2679 1575 2739 acturum
1609 2684 1858 2770 putes,
1909 2666 2094 2743 Uale
2124 2664 2436 2738 Domine
2467 2656 2890 2741 dulcissime
2913 2710 2929 2725 .
2967 2650 3232 2726 Domi-

1079 2803 1253 2857 nam
1288 2784 1517 2860 saluta
1549 2843 1575 2862 .
2089 2788 2096 2793 '
2367 2770 2372 2775 ⁸

1356 3050 1655 3105 xxxxv.
1711 3031 1838 3106 60.
1905 3056 2293 3108 usam-rao
2345 3052 2501 3104 nmo
2556 3044 2900 3099 suu-rum
2938 3071 2960 3089 .

1288 3268 1619 3349 Ales'rl
1679 3299 1887 3349 curas
1925 3273 2154 3368 mihi,
2191 3299 2368 3375 quas
2417 3282 2595 3371 opto
2651 3288 2872 3366 quam
2904 3258 3234 3362 primum

1029 3508 1053 3515 -
1084 3385 1356 3461 relebes
1394 3386 1434 3443 b
1466 3450 1491 3490 ‚
1538 3394 1802 3479 sedatis
1861 3398 1994 3471 tibi
2055 3394 2436 3471 doloribus
2492 3414 2708 3489 genus
2763 3399 2838 3460 et
2875 3382 3188 3481 inguinis
3214 3432 3231 3447 .

1262 3618 1297 3651 ⁴²
1343 3620 1443 3687 M.
1492 3624 1635 3689 Hoc
1672 3646 1920 3715 genum
1947 3670 1967 3705 ‚
2003 3621 2206 3689 huius
2253 3646 2495 3715 genus.

1262 3710 1295 3739 ⁴²
1340 3716 1441 3778 M.
1492 3716 1774 3806 Inguem
1815 3738 1936 3805 pro
1995 3715 2242 3805 inguen
2278 3764 2296 3779 .

1260 3802 1293 3831 ⁴
1340 3806 1443 3869 M.
1496 3806 1762 3873 Genum
1799 3804 1965 3873 mihi
1985 3805 2294 3873 abrasum
2319 3854 2332 3870 .
2360 3802 2681 3893 Superius
2707 3826 2744 3871 2
2784 3801 2876 3866 ait
2897 3817 3108 3891 genus
3124 3798 3232 3866 do-

1071 3886 1239 3959 lore
1273 3912 1571 3983 arreptus
1607 3921 1756 3963 sum
1793 3948 1813 3964 .

1190 4130 1228 4163 a
1260 4114 1323 4167 l'n
1341 4116 1451 4169 cod.
1483 4118 1855 4189 interpungitur
1889 4134 1999 4183 ante
2018 4114 2278 4193 familiari
2303 4150 2320 4165 .
2393 4112 2423 4166 b
2459 4116 2536 4165 Ita
2555 4111 2664 4164 cod·

1169 4244 1193 4281 1
1243 4228 1530 4289 Victorini
1563 4232 1952 4311 eloquentiam
1983 4233 2118 4290 lau·-
2201 4233 2280 4292 ad
2309 4230 2524 4289 amicos
2545 4272 2559 4285 .

1077 4302 1184 4367 dat
1228 4308 1447 4374 Fronto
1492 4315 1603 4385 lib.
1656 4318 1732 4377 11.
1769 4338 1858 4397 ep.
1889 4314 2114 4395 penult.
2285 4336 2318 4377 2
2367 4316 2474 4395 Ep-
2513 4314 2622 4379 Vl·
