3384 5134
801 492 914 539 nn
994 489 1707 539 onA‘rloNinus
2175 432 2325 571 227

171 590 525 689 uirginem
551 644 576 682 .,
623 610 801 685 quae
833 582 1144 657 uestalis'
1184 588 1278 654 sit
1303 637 1328 675 ‚
1389 584 1554 682 capi
1593 580 1713 655 ‘fas
1742 598 1853 657 est
1884 640 1905 678 ,
1944 614 2167 687 neque
2202 594 2336 663 sir-

167 711 434 782 beriam
461 720 478 753 ¹
519 760 590 813 ‘x‘
623 760 641 775 .
679 702 913 775 Uei-ba
939 700 1027 773 de
1051 700 1618 774 balbutientibus
1639 704 1967 803 ponenda
1998 708 2189 778 uarie
2214 720 2244 755 ⁸
2283 762 2330 779 ..

169 832 416 901 minus
450 883 468 899 .
507 884 524 898 .
561 824 1151 901 balbuttientium
1181 828 1454 896 uitium
1493 817 1526 871 b
1553 823 1664 895 his
1691 824 1911 899 ferme
1937 827 2172 901 uerbis
2222 832 2325 901 si-

169 943 614 1048 gnificatur*
659 981 680 1017 ε
744 972 894 1019 uox
941 944 1290 1045 impedita
1329 1000 1350 1038 ,
1407 972 1546 1018 uox
1593 948 1881 1042 uincta,
1939 975 2084 1022 uox
2140 950 2367 1055 disti--

171 1070 338 1143 cilis
364 1127 386 1163 .,
447 1096 592 1142 uox
645 1062 677 1169 [
712 1058 990 1169 fracta]
1022 1122 1040 1155 ,
1077 1068 1224 1138 uox
1277 1066 1699 1164 imperfecta
1734 1122 1755 1162 .,
1816 1094 1965 1142 uox
1998 1070 2266 1145 absona
2303 1129 2325 1145 .

173 1190 310 1262 His
355 1188 706 1261 contraria
746 1186 1105 1287 quaerenti
1139 1184 1274 1256 tibi
1309 1186 1720 1259 subuenisse
1750 1202 2031 1261 certum
2061 1190 2326 1267 habeo:

173 1287 339 1381 uozi
369 1306 733 1409 expedita,
779 1332 928 1395 uox
959 1303 1286 1377 absoluta
1315 1360 1336 1398 .,
1362 1332 1510 1379 uox
1540 1306 1769 1381 facilis
1794 1366 1816 1404 .,
1862 1336 2010 1383 uox
2056 1305 2325 1412 [perfe-

168 1427 330 1535 cta]
375 1456 523 1503 uox
564 1418 974 1529 [amabilis]
1011 1482 1028 1498 .
1065 1428 1220 1499 Tua
1245 1452 1393 1499 uox
1417 1430 1484 1497 '⁰.
1525 1482 1542 1497 .
1566 1454 1731 1502 uere
1765 1484 1782 1502 .
1822 1484 1841 1502 .
1880 1488 1899 1502 .
1932 1443 2081 1509 nbn
2114 1490 2133 1504 .
2162 1490 2179 1505 .
2212 1436 2326 1508 his

164 1550 510 1625 omnibus
538 1605 557 1619 .
589 1604 605 1619 .
635 1605 651 1619 .
682 1550 1053 1649 percensio
1087 1545 1184 1618 sit
1208 1600 1226 1615 .
1247 1602 1266 1615 .
1295 1600 1314 1616 .

231 1654 236 1662 ⁹
365 1670 642 1742 Oculos
683 1666 1186 1744 conuenientes
1219 1664 1468 1739 dixisti
1506 1720 1524 1736 .
1562 1668 1742 1765 Quis
1782 1668 2065 1745 clamor
2099 1674 2323 1751 itera-

165 1782 350 1863 tur?
373 1790 708 1891 apparuit
730 1790 922 1863 enim
949 1802 1334 1887 utrumque
1361 1785 1664 1859 uerbum
1698 1790 2101 1891 quaesitum
2123 1810 2197 1867 et
2218 1795 2329 1868 in-

169 1925 478 1984 uentum
509 1942 530 1979 e
589 1903 786 2009 quod
819 1906 945 1981 ubi
1003 1910 1344 1983 inuenisti
1377 1900 1413 1957 ‘³
1453 1968 1475 2005 ,
1517 1935 1768 1984 cauere
1800 1912 2101 2012 pulchre
2126 1916 2325 1989 sciu-

173 2024 364 2133 [isti]
407 2085 426 2101 .
481 2030 829 2131 Impediti
875 2054 1060 2103 uoce
1115 2030 1455 2147 dicun'tur
1504 2033 1628 2132 qui
1675 2032 2119 2107 balbuttiunt
2152 2092 2175 2131 .,
2255 2052 2330 2111 et

165 2152 618 2243 contrarium
655 2168 764 2225 est
807 2148 1040 2227 soluta
1098 2166 1169 2226 et
1222 2152 1555 2252 expedita
1596 2177 1783 2227 uoce
1824 2187 1845 2249 ς
1902 2154 2135 2230 multo
2171 2182 2327 2229 me-

159 2274 306 2347 lius
337 2275 670 2375 apparuit
693 2270 996 2347 enodata
1017 2328 1035 2341 .
1072 2273 1446 2377 Quaesisse
1489 2288 1556 2345 te
1603 2272 1919 2349 arbitror
1942 2304 2031 2350 ex
2062 2276 2327 2351 eodem

165 2393 318 2467 isto
356 2392 525 2467 loco
551 2451 573 2489 .,
615 2393 815 2494 quod
851 2406 959 2466 est
988 2392 1122 2465 im*
1149 2398 1269 2464 τοίῖ
1307 2394 1594 2465 ἐναντίου
1623 2448 1648 2486 .,
1695 2420 1864 2467 cum
1901 2394 2327 2495 imperfecta

163 2540 324 2587 uox
355 2512 934 2588 balbuttientium
975 2516 1066 2590 sit
1092 2573 1112 2611 ‚
1149 2519 1465 2619 potuisse
1494 2517 1642 2590 dici
1668 2517 2065 2617 perfectam
2088 2572 2105 2587 .
2127 2516 2329 2604 Quae

164 2634 455 2731 ignoras
494 2689 513 2705 .
551 2688 569 2705 .
612 2689 630 2706 .
675 2632 1008 2717 ‘oculos
1065 2638 1564 2711 conuenientes
1611 2638 1863 2711 dixisti
1920 2695 1939 2709 .
1998 2696 2016 2709 .
2075 2693 2093 2708 .
2144 2628 2173 2685 f
2204 2636 2323 2707 in-

163 2753 530 2853 probatur
577 2753 698 2827 hic
738 2756 946 2829 locus
985 2760 1265 2862 absque
1316 2758 1834 2857 significatione
1881 2772 2026 2831 est.
2075 2758 2321 2831 Theo-

164 2876 444 2949 dorus⁹
463 2878 734 2975 ,ξηιδτοὸ
755 2938 796 2952 ..
823 2882 952 2969 χὸς
983 2907 1019 2961 g
1043 2890 1344 2968 λέγεσθαι
1379 2880 1693 2981 appellat
1713 2936 1731 2952 .
1762 2880 1951 2954 Nam
1984 2880 2324 2953 conueni-

338 3133 371 3162 *
416 3132 518 3198 M.
570 3132 828 3219 Quibus
899 3112 1244 3200 uooabulis
1279 3092 1703 3224 appellentur
1774 3135 2021 3204 sii-beni
2048 3188 2063 3202 .

237 3383 278 3417 a
310 3362 540 3429 Quinque
573 3355 692 3411 haec
739 3358 888 3411 uerba
925 3362 978 3410 in
1004 3362 1218 3431 margine
1258 3375 1372 3411 nunt
1389 3380 1407 3423 5
1449 3380 1610 3429 neque
1639 3362 1751 3413 sntio
1798 3380 1985 3415 comtat
2022 3379 2187 3415 utrum
2226 3369 2322 3419 sint

164 3456 198 3487 e
235 3450 378 3487 textu
411 3434 646 3498 exscripta
669 3469 683 3490 ,
706 3452 766 3484 an
810 3432 971 3498 potino
1009 3430 1176 3481 scholii
1199 3450 1332 3483 more
1365 3430 1534 3489 addita
1548 3430 1672 3497 3oed
1709 3434 1804 3483 hoc
1839 3439 1988 3505 magis
2028 3434 2221 3485 uidetur
2253 3441 2320 3489 ob

167 3507 408 3555 uariatum
444 3502 838 3573 orthographiam
867 3501 1054 3553 bathua·
1093 3520 1184 3569 pro
1222 3502 1429 3555 balbusta·
1449 3542 1462 3555 .
1533 3505 1562 3554 b
1598 3508 1808 3555 Tantum
1833 3524 1903 3557 eet
1924 3508 1975 3555 in
2010 3508 2177 3557 codice
2216 3528 2321 3575 spn-

167 3580 296 3627 tium
321 3614 333 3627 .
403 3594 431 3625 c
466 3576 652 3641 supple
704 3573 896 3641 liquida
951 3592 1013 3625 ex
1053 3575 1192 3639 epist.
1229 3574 1290 3623 ad
1335 3581 1452 3625 Ant.
1495 3576 1616 3642 imp.
1653 3580 1698 3629 1.
1756 3580 1801 3629 3.
1870 3578 1909 3627 d
1942 3579 2061 3628 Cod.
2108 3580 2285 3631 ἰηιιοειὶ
2305 3618 2323 3635 .

165 3666 198 3698 e
236 3646 424 3714 supple
491 3644 592 3695 fere
656 3644 878 3713 quinque
939 3646 1089 3695 uerba
1129 3682 1142 3696 .
1221 3640 1273 3717 f
1316 3646 1501 3713 Supple
1548 3646 1648 3696 duo
1711 3650 1859 3701 uerba
1904 3684 1919 3698 .
2006 3668 2047 3719 g
2084 3652 2324 3703 .'Dioerem

166 3716 524 3799 πολλαχᾶἷς
547 3758 569 3791 ,
603 3724 686 3777 ted
731 3726 904 3787 lacuna
948 3727 1127 3777 codici·
1167 3742 1242 3779 tot
1275 3728 1458 3780 litterae
1489 3746 1600 3780 non
1645 3732 1779 3796 capit
1818 3763 1834 3777 .

261 3930 283 3965 ι
349 3912 644 3967 Consonat
711 3906 938 3967 Gellius
993 3914 1035 3969 1.
1097 3932 1198 3969 ια.
1285 3912 1412 3990 pud
1473 3910 1773 3971 Schottum
1813 3914 1881 3971 Z.
1918 3916 1973 3973 6.
2026 3935 2075 3970 ι.
2118 3916 2175 3974 S.
2224 3914 2313 3973 13.

166 3992 458 4049 Sir-benus
529 4002 717 4047 autem
787 3990 1081 4049 hominem
1125 3994 1208 4050 si·
1298 4016 1344 4051 ι.
1383 3998 1465 4053 St.
1501 3998 1634 4071 962.
1673 3996 1831 4059 Vide
1868 4009 1922 4054 et
1956 3994 2318 4063 Athenaeum

167 4074 408 4155 gnificat
441 4073 540 4149 qui
577 4074 806 4131 confuse
840 4086 896 4130 et
927 4074 1200 4132 incondi-
1284 4100 1385 4136 xv.
1434 4078 1488 4136 3.
1910 4126 1913 4129 .

165 4170 230 4213 te
292 4156 585 4235 loquitur.
629 4158 868 4215 Confer¹
897 4158 1102 4235 adagia
1137 4180 1206 4216 a·-
1370 4183 1402 4222 2
1451 4160 1540 4220 Cf.
1578 4161 1654 4219 ad
1689 4162 1783 4220 M.
1820 4166 1983 4222 Caes.
2022 4161 2130 4221 111.
2158 4158 2215 4217 8.
