3384 5134
1032 429 1128 479 1.1
1161 432 1264 480 na
1295 433 1340 480 a
1411 429 1508 480 ιιι
1659 381 1672 398 ”
2231 400 2329 479 65

185 529 342 592 tem
376 535 554 621 aput
585 533 654 594 te
690 521 1094 598 eruditum:
1122 541 1500 627 propte-rea
1525 524 1925 600 maximam
1962 549 2209 598 curam
2254 526 2331 598 in

179 641 442 714 animo
481 667 649 714 meo
704 641 934 715 habeo
984 645 1090 716 uti
1138 670 1356 744 quam
1413 645 1909 718 honestissime
1972 646 2333 741 negotium

176 761 394 834 istud
438 763 983 838 odiosissimum
1021 765 1444 864 transigatur
1470 819 1490 838 .
1547 769 1748 866 Opto
1800 780 1884 839 ut
1950 763 2335 838 consilium

179 883 658 982 conprobesr,
708 910 876 958 nam
901 884 1342 960 uoluntatem
1379 885 1869 987 conprobabis
1903 941 1919 957 .
1974 888 2133 981 Ego
2174 867 2325 956 cerss.

171 1013 248 1072 te
279 1002 530 1074 minus
555 1005 908 1104 sapienter
926 1009 1154 1102 magis
1187 1007 1541 1106 scripsero
1563 1063 1586 1102 ‚
1645 1032 1867 1108 quam
1889 1006 2126 1077 minus
2145 1005 2328 1076 ami-

173 1145 264 1190 ce
341 1136 674 1198 tacuero.
737 1125 960 1223 Uale,
1015 1128 1122 1202 mi
1159 1130 1434 1202 Fronto
1464 1129 1831 1200 carissime
1898 1141 1971 1199 et
2024 1123 2323 1258 amicis·-

178 1241 422 1316 sime.

477 1443 494 1468 ·
540 1392 664 1448 111.
720 1393 1012 1445 DOMINO
1078 1395 1232 1442 MEO
1297 1392 1600 1444 cAEsAlu
1659 1395 1999 1444 PRONTO.

423 1605 732 1680 Mam-ro
790 1633 923 1705 ego
987 1635 1101 1680 me
1165 1609 1428 1684 deuoui
1481 1610 1615 1682 tibi
1654 1666 1678 1704 ‚
1738 1589 2001 1682 merito
2054 1609 2331 1683 fructus

177 1727 384 1799 uitae
408 1753 602 1799 meae
629 1731 862 1802 omnis
894 1731 967 1802 in
992 1744 1060 1803 te
1098 1757 1184 1803 ac
1220 1747 1343 1805 tuo
1369 1745 1654 1831 parente
1685 1730 2080 1803 constitui.
2136 1731 2333 1819 Quid

179 1849 346 1920 fieri
397 1849 744 1942 amicius,
788 1851 963 1949 quid
1015 1851 1441 1946 iucundiu5‚
1500 1853 1677 1950 quid
1728 1852 1965 1922 uerius
2020 1841 2330 1948 potest?

179 1967 422 2038 Aufer·
454 1967 586 2040 ista
612 2023 634 2060 .‚
680 1966 982 2040 obsecro
1009 2023 1030 2060 ‚
1073 1970 1456 2068 puerulum
1490 1969 1838 2041 audacem
1872 1980 1996 2039 aut
2028 1981 2329 2038 temera-

181 2086 385 2158 rium
406 2084 896 2160 consultorem
916 2144 932 2156 .
953 2088 1363 2160 Periculum
1380 2102 1486 2162 est
1507 2087 1715 2188 plane
1731 2114 1816 2159 ne
1835 2101 1911 2159 tu
1934 2087 2325 2186 quicquam

183 2203 564 2305 pueriliter
584 2202 985 2276 inconsulte
1025 2204 1364 2277 suadeas!
1428 2205 1606 2277 Mihi
1640 2203 1889 2298 crede,
1946 2205 2006 2277 si
2044 2218 2117 2275 tu
2150 2201 2263 2275 uis
2295 2232 2321 2296 τ,

175 2317 248 2396 ⁵si
297 2322 574 2416 minus.,
608 2338 892 2422 egomet
919 2325 1096 2402 mihi
1152 2324 1444 2398 credam
1472 2382 1494 2422 ‚
1537 2325 1905 2399 seniorum
1934 2352 1973 2396 a
2005 2337 2075 2395 te
2144 2348 2323 2422 pru-

183 2442 506 2514 dentiam
564 2447 1010 2544 exsuperari.
1063 2446 1380 2545 Denique
1437 2447 1512 2518 in
1568 2447 1710 2518 isto
1764 2443 2053 2540 negotio
2124 2457 2329 2514 tuum

185 2559 580 2634 consilium
634 2585 896 2636 canum
947 2579 1020 2638 et
1058 2591 1314 2662 graue,
1371 2590 1616 2637 meum
1669 2589 1843 2636 uero
1878 2559 2149 2662 puerile
2202 2558 2329 2631 de-

115 2729 156 2773 ,
183 2679 469 2781 prendo
499 2737 516 2750 .
570 2682 766 2771 Quid
795 2684 984 2755 enim
1025 2709 1208 2782 opus
1243 2696 1350 2755 est
1372 2685 1610 2782 aequis
1641 2694 1717 2755 et
1754 2681 2017 2780 iniquis
2051 2693 2332 2779 specta-

189 2797 446 2870 culum
477 2799 810 2898 praebere
837 2793 878 2880 ’,Ρ
910 2800 1072 2870 Siue
1110 2799 1204 2872 sit
1237 2799 1368 2882 iste
1403 2799 1725 2873 Herodes
1748 2799 1861 2872 uir
1888 2797 2071 2894 frugi
2101 2809 2173 2868 et
2194 2823 2335 2896 pud

187 2920 402 2992 dicus
433 2975 458 3013 .,
509 2919 890 3019 protelarei
923 2931 951 2968 ὃ·
989 2919 1339 2992 conuiciis
1373 2917 1590 2991 talem
1622 2947 1664 2991 a
1695 2945 1813 2990 me
1858 2919 2131 3008 uirum,
2187 2941 2335 2988 non

187 3051 306 3114 est
353 3065 604 3112 uerum
660 3032 764 3134 ¹³3
844 3041 992 3113 siue
1057 3049 1363 3140 nequam
1415 3053 1489 3112 et
1542 3038 1893 3139 inprobus
1948 3048 2059 3105 est
2097 3088 2120 3125 .‚
2187 3059 2337 3106 non

193 3180 418 3254 aequa
455 3155 636 3226 mihi
688 3181 858 3230 cum
906 3183 992 3230 eo
1057 3159 1354 3230 certatio
1373 3211 1396 3250 .,
1445 3181 1668 3263 neque
1702 3152 1898 3225 idem
1952 3146 2335 3222 detrimen-

192 3287 356 3346 tum
381 3283 412 3320 c
452 3274 732 3374 capitur
761 3331 779 3345 .
836 3276 1092 3348 Omnis
1123 3276 1314 3347 enim
1347 3300 1516 3350 cum
1555 3271 1848 3374 polluto
1882 3266 2281 3366 conplexus
2302 3319 2333 3360 ,

189 3394 476 3465 tametsi
505 3420 790 3493 superes
817 3449 840 3488 ‚
899 3393 1388 3468 commaculat
1415 3447 1432 3464 .
1490 3389 1628 3464 Sed
1671 3386 1854 3461 illud
1880 3387 2114 3460 uerius
2163 3399 2271 3459 est
2295 3441 2323 3480 ,

187 3513 514 3614 probum
545 3515 786 3598 uirum
844 3541 990 3588 esse
1044 3541 1260 3614 quem
1295 3528 1370 3585 tu
1411 3511 1709 3616 dignum
1764 3505 1978 3582 tutela
2028 3521 2147 3580 tua
2198 3507 2321 3578 iu·-

191 3635 398 3710 dicas
427 3627 462 3704 .’
499 3635 717 3726 Quod
741 3637 803 3708 si
827 3661 1178 3736 umquam.
1215 3633 1512 3715 scissem.
1542 3688 1558 3724 ,
1613 3647 1772 3704 tum
1798 3653 1915 3712 me
1954 3626 2028 3698 di
2073 3651 2323 3704 omnes

187 3756 380 3830 male
431 3755 764 3830 adflixint
793 3813 817 3853 ‚
869 3758 934 3830 si
984 3783 1114 3856 ego
1153 3756 1375 3829 uerbo
1427 3753 1703 3828 laedere
1769 3774 1973 3824 ausus
2035 3746 2325 3820 fuissem

262 4021 300 4054 a
334 4003 411 4054 Ita
453 4017 497 4052 ι.
533 4021 718 4064 manin
752 4019 804 4065 qt
856 4022 904 4054 a.
950 4005 1216 4077 protelati.
1288 4003 1319 4054 b
1351 4005 1428 4054 Ita
1469 4001 1578 4053 eod.
1613 4019 1706 4070 pro
1735 4014 1950 4071 aequum
1989 4015 2073 4047 een
2112 4005 2327 4054 recnunz

193 4091 250 4124 ut
295 4077 442 4124 etiam
470 4072 550 4123 alii
589 4091 810 4126 auctores
853 4077 1166 4150 loquuntur.
1226 4094 1254 4128 c
1289 4075 1411 4129 eod.
1446 4073 1765 4134 dccv-imm,
1804 4087 1930 4148 quae
1961 4065 2197 4146 ccx-igtur·
2241 4075 2315 4122 ο*

185 4152 414 4224 proxima
443 4167 526 4223 τῳ
564 4151 878 4204 decrementa·-

407 4261 583 4367 Vol.
619 4261 692 4338 I
1814 4249 1859 4332 5
