3384 5134
819 524 1592 593 IMPERATOREM'
2118 525 2253 599 183

331 636 700 741 Plerisque
749 643 968 716 etiarn
1019 638 1324 737 indignis
1383 654 1719 740 paternus
1754 635 1963 715 locus
2023 640 2267 742 impe-

107 767 316 841 rium
353 793 488 867 per
517 790 769 837 manus
803 762 1062 835 detulit
1097 795 1114 833 ε
1167 762 1360 835 haud
1393 787 1592 836 secus
1632 790 1851 864 quam
1875 762 2093 865 pullis
2126 768 2279 839 aui-

65 886 258 961 ·bus
309 941 333 979 .,
389 884 652 986 quibus
713 884 962 957 omnia
1003 882 1265 979 generis
1318 882 1613 979 insignia
1654 939 1677 978 ,
1739 885 1991 958 cristae
2020 940 2045 979 ⁴»
2102 886 2275 986 plu-

111 1032 294 1081 mae
321 1060 345 1099 ‚
403 1018 652 1077 cantus
686 1059 710 1098 ‚
767 1018 839 1077 et
857 998 1142 1099 uigiliae
1168 1058 1190 1095 .‚
1243 1002 1450 1075 insita
1490 1017 1656 1077 sunt
1690 1060 1707 1074 .
1752 1060 1769 1075 .
1796 1006 2069 1101 Regum
2102 1034 2280 1107 pue-

112 1128 216 1201 ris
255 1126 336 1196 in
370 1138 572 1197 utero
606 1121 852 1196 matris
895 1148 1180 1195 summa
1216 1122 1366 1197 iam
1392 1136 1708 1222 potestas
1746 1121 2091 1197 destinata
2116 1141 2223 1199 est
2256 1158 2279 1195 ε

111 1242 552 1346 opstetricis
583 1270 804 1316 manu
839 1244 1226 1343 imperium
1247 1241 1747 1343 adipiscuntur
1780 1300 1797 1317 .
1830 1299 1849 1315 .
1879 1299 1899 1316 .
1930 1247 2128 1319 Inter
2146 1248 2285 1319 Re-

113 1390 344 1439 mum
389 1378 464 1436 et
507 1361 904 1437 Romulum
967 1362 1264 1437 diuersis
1308 1364 1682 1440 montibus
1719 1384 2147 1465 augurantes
2185 1370 2297 1440 de·

119 1509 380 1557 rerum
417 1508 706 1559 summa
745 1483 1244 1559 iudicauerunt
1275 1512 1446 1559 aues
1477 1541 1496 1557 .
1547 1487 1874 1585 Regnum
1902 1489 2283 1560 Persarum

122 1629 498 1703 equorum
557 1628 706 1677 non
769 1628 980 1677 cursu
1025 1604 1149 1679 sed
1199 1604 1488 1679 hinnitu
1531 1606 1833 1706 priore'.
1872 1664 1893 1681 .
1936 1664 1957 1681 .
2008 1610 2281 1687 insidiis

122 1750 344 1827 saepe
381 1740 462 1797 et
501 1724 1123 1799 coniurationibus
1145 1723 1300 1799 aliis
1331 1720 1727 1826 imperium
1760 1741 1791 1777 ⁸
1813 1783 1832 1799 .
1870 1784 1891 1801 .
1929 1786 1949 1800 .

409 1900 430 1917 .
473 1900 494 1915 .
529 1844 788 1919 frustra
832 1844 966 1918 sed
1021 1844 1114 1918 ad
1141 1900 1160 1919 .
1185 1900 1206 1919 .
1233 1872 1319 1919 us
1377 1843 1547 1919 fidei
1609 1862 2223 1923 commemoratae
2262 1902 2284 1924 .

128 1962 436 2037 Ceteros
471 1985 586 2036 ars
636 1988 723 2037 ac
761 2018 780 2033 .
816 2018 835 2034 .
865 1962 996 2037 das
1039 1974 1166 2038 re'.
1205 2018 1226 2035 .
1254 1988 1342 2037 ac
1402 1990 1520 2038 me
1562 2020 1579 2035 .
1617 2020 1636 2037 .
1675 1989 1851 2066 opes
1895 2020 1913 2036 .
1952 2020 1971 2035 .
2009 1994 2159 2067 quo
2202 2020 2219 2038 .
2260 2021 2283 2040 .

129 2081 360 2154 coniu
387 2136 406 2150 .
447 2136 468 2153 .
501 2080 712 2153 binos
737 2106 1038 2178 egenum
1066 2138 1085 2152 .
1137 2082 1545 2157 meminisse
1567 2074 1608 2133 ¹²
1637 2138 1658 2157 .
1683 2138 1702 2155 .
1730 2138 1749 2156 .
1788 2138 1809 2155 .
1851 2084 1981 2157 His
2007 2098 2075 2158 te
2107 2110 2289 2159 con-

127 2204 363 2292 siliis,
419 2204 825 2303 Imperator
855 2260 877 2297 .‚
937 2233 976 2279 a
1021 2207 1258 2305 prima
1323 2205 1628 2305 pueritia
1679 2220 1802 2279 tua
1850 2233 1997 2280 non
2050 2210 2285 2285 circus

127 2324 474 2425 profecto
527 2348 658 2397 nec
693 2322 920 2397 lorica
948 2379 970 2417 ,
1025 2324 1150 2397 sed
1200 2324 1370 2397 libri
1407 2338 1480 2397 et
1512 2322 1914 2397 litterarum
1952 2325 2283 2429 discipli-

127 2470 268 2518 nae
287 2442 680 2529 inbuebant
704 2498 721 2514 .
747 2444 936 2516 Cum
975 2441 1204 2516 multa
1229 2442 1587 2517 eiusmodi
1613 2444 1995 2519 consiliose
2025 2474 2285 2521 exem-
2317 2499 2326 2509 ·

129 2562 260 2665 pla
285 2564 362 2637 in
391 2563 708 2637 historiis
736 2578 810 2635 et
844 2562 920 2637 in
945 2563 1391 2637 orationibus
1413 2562 1773 2637 lectitares
1792 2618 1811 2653 ‚
1838 2562 1931 2635 ad
1956 2590 2108 2637 rem
2146 2566 2293 2638 mi·

130 2686 425 2759 litarem
465 2686 802 2783 magistra
857 2684 1260 2786 eloquentia
1293 2712 1462 2758 usus
1517 2712 1594 2759 es
1637 2742 1658 2757 .
1712 2688 2095 2761 Exercitus
2150 2688 2289 2761 tibi

133 2804 449 2881 traditus
485 2820 638 2879 erat
671 2805 943 2879 incuria
989 2820 1066 2880 et
1115 2805 1414 2879 lasciuia
1463 2820 1536 2879 et
1587 2806 1742 2879 otio
1783 2806 2063 2880 diutino
2124 2832 2288 2883 cor-

139 2941 407 3027 ruptus
443 2982 464 2997 .
519 2926 778 3000 Milites
817 2927 1238 3001 Antiochiae
1273 2924 1567 3001 adsidue
1621 2926 1961 3026 plaudere
1996 2928 2287 3001 histrio-

137 3048 360 3122 nibus
437 3047 754 3120 consueti
815 3078 835 3115 :
912 3046 1190 3147 saepius
1265 3044 1342 3117 in
1426 3070 1721 3117 nemore
1804 3046 2083 3117 uicinae
2158 3071 2287 3142 ga-

139 3192 324 3241 neae
357 3177 376 3213 ¹
395 3221 419 3259 ‚
455 3193 672 3267 quam
711 3165 844 3241 sub
869 3164 1084 3265 sign'is
1116 3163 1340 3237 habiti
1369 3218 1388 3235 .
1413 3164 1618 3264 Equi
1641 3163 1915 3236 incuria
1952 3162 2233 3235 horridi
2258 3218 2289 3257 ‚

143 3286 422 3386 equites
447 3286 636 3361 uolsi
665 3320 684 3357 ε
718 3311 880 3360 raro
918 3284 1296 3359 brachium
1329 3296 1453 3357 aut
1511 3308 1672 3357 crus
1715 3282 2087 3355 hen-sutum
2116 3338 2136 3353 .
2173 3283 2296 3359 Ad

145 3404 304 3478 hoc
325 3407 562 3479 uestiti
595 3405 848 3479 melius
882 3430 1098 3505 quam
1136 3402 1392 3479 armati
1421 3400 1642 3473 :adeo
1683 3415 1767 3473 ut
1802 3401 1917 3473 uir
1952 3402 2180 3499 grauis
2213 3416 2288 3479 et

147 3525 420 3599 ueteris
472 3525 890 3628 disciplinae
947 3523 1318 3599 Laelianus
1352 3522 1652 3596 Pontius
1683 3533 1715 3572 ²
1742 3521 2004 3595 loricas
2024 3523 2294 3625 partim

227 3744 266 3778 a
299 3726 389 3778 113·
430 3727 615 3780 hemi·
661 3744 874 3797 occcupa
873 3745 956 3781 tur
995 3730 1180 3801 integra
1217 3727 1430 3799 pagina.
1499 3722 1529 3776 ὁ
1564 3726 1627 3779 Ῑιι
1669 3725 1744 3778 hi·
1766 3725 1950 3779 lncani·
1992 3726 2145 3780 latent
2182 3742 2298 3779 uer-

153 3816 242 3851 m
285 3800 595 3853 octodecim.

249 3988 272 4023 ι
339 3964 519 4043 Apud
581 3964 866 4043 Daphnen
914 3966 1135 4025 scilicet
1168 4004 1184 4019 .
1267 3964 1503 4023 fluentes
1584 3964 1833 4025 militum
1913 3985 2099 4023 mores
2178 3982 2299 4021 non

153 4048 879 4126 Syriaticarumlegionum
907 4048 1190 4107 luxuriam
1269 4061 1386 4105 tam
1449 4050 1634 4107 Verus
1683 4068 1855 4125 quam
1908 4048 2136 4107 Cassius
2170 4088 2190 4118 ,
2232 4058 2300 4107 ut

155 4133 368 4191 scribit
391 4132 651 4192 Marcus'
635 4152 692 4186 m
711 4132 954 4207 quadarn
977 4132 1190 4209 epistu·
1271 4130 1487 4206 legitur
1523 4130 1770 4189 ibidem.

157 4218 218 4277 h
254 4214 412 4293 apud
443 4212 824 4275 Volcatium'
807 4234 867 4269 m
903 4214 1022 4271 uita
1055 4218 1195 4273 Cas·-
1353 4234 1384 4271 α
1423 4215 1608 4271 Pontii
1663 4212 1913 4273 Laeliani
1966 4230 2199 4269 munera
2238 4220 2303 4267 ct

159 4300 234 4359 sii
271 4318 400 4379 cap·
445 4298 520 4361 V.
554 4296 824 4358 coercuit
845 4308 1038 4355 autem
1061 4274 1192 4355 dir-
1271 4292 1519 4356 honores
1573 4297 1681 4357 sub
1739 4296 1893 4355 diuis
1942 4289 2246 4353 Fratribus
2272 4330 2297 4365 0
