3384 5134
1009 460 1058 525 r.
1085 474 1110 523 1
1143 476 1180 521 ι
1211 446 1256 527 ie
1285 468 1330 527 n
1419 476 1446 525 1
2062 464 2069 471 ’
2153 456 2297 533 281

127 572 204 646 si
261 598 432 645 cum
485 568 732 644 audire
761 562 1350 676 [dispu]tantem
1387 571 1478 645 de
1513 568 1915 673 'platonicis
1968 574 2311 681 discipli-

128 694 252 767 nis
309 692 644 791 dignatus
683 691 900 765 fueris
935 748 958 763 .
1002 693 1402 793 Perspicies
1442 720 1584 794 pro
1621 709 1743 767 tua
1776 693 2156 794 prudentia
2190 701 2311 771 in·-

129 812 684 915 tellegentiaque
733 838 1024 885 summa
1064 815 1420 887 maiorem
1452 828 1485 862 Β
1521 812 1715 888 famu
1740 872 1763 910 ,
1806 808 1847 849 *
1886 802 2313 893 luculentis-

125 935 417 1007 simum
451 935 846 1029 uerborum
879 952 1234 1033 apparatu
1271 990 1294 1027 .,
1331 934 1653 1007 maxima
1695 934 2085 1035 frequentia
2143 963 2313 1013 sen-

132 1056 530 1128 tentiarum
561 1111 580 1127 .
620 1056 864 1147 Quom
916 1054 1090 1127 haec
1135 1055 1234 1167 itfn
1279 1081 1436 1128 esse
1481 1054 2033 1155 deprehenderis
2066 1112 2090 1150 .‚
2124 1058 2313 1132 scito

130 1171 462 1273 amplius
491 1198 642 1246 esse
675 1173 750 1245 in
793 1172 1110 1245 hominis
1151 1173 1482 1246 moribus
1519 1206 1537 1243 ε
1577 1186 1771 1245 tanta
1800 1174 2166 1273 probitate
2198 1193 2311 1251 est

129 1306 210 1364 et
245 1288 680 1365 uerecundia
716 1294 734 1362 !
777 1289 1076 1363 Maximi
1119 1314 1514 1367 concumus
1545 1290 1640 1363 acl
1663 1291 2107 1369 audiendum
2140 1324 2311 1373 eum

129 1414 422 1485 Romae
475 1437 684 1511 saepe
734 1410 906 1482 facti
941 1425 1106 1483 sunt
1145 1468 1162 1483 .
1223 1410 1529 1485 Plurimi
1586 1415 1818 1486 nostri
1854 1415 2131 1489 ordinis
2167 1416 2311 1491 uiri

139 1531 566 1607 facundiam
601 1532 754 1605 eius
798 1556 948 1603 non
993 1531 1221 1605 modo
1269 1533 1582 1633 probant
1606 1588 1629 1627 ,
1674 1534 1801 1607 sed
1830 1536 1981 1609 eius
2019 1528 2057 1585 ¹³
2086 1538 2311 1613 etiam

132 1654 594 1727 admirantur
617 1710 634 1725 .
662 1651 933 1727 Officio
963 1654 1368 1727 necessario
1402 1652 1739 1729 inductus
1774 1672 1919 1751 est,
1954 1670 2037 1729 ut
2062 1652 2305 1762 [hinc]

130 1777 728 1875 proficisceretur
795 1774 886 1849 ad
944 1772 1468 1849 consolandam
1538 1777 2051 1851 consobrinam
2104 1804 2313 1853 suam

133 1920 318 1969 casu
391 1896 587 1994 graui
649 1895 1024 1969 adflictam
1089 1951 1107 1966 .
1183 1896 1873 1998 Quantumcumque
1956 1896 2311 1999 Aquilino

141 2041 320 2090 meo
345 2018 645 2091 honoris
673 2016 1012 2092 tribuer1s
1043 2074 1063 2112 ,
1100 2016 1186 2088 id'
1207 2032 1272 2089 te
1301 2016 1483 2089 mihi
1507 2017 1815 2091 tribuere
1848 2018 2261 2093 existimato
2291 2071 2313 2089 .

465 2284 654 2333 vul.
739 2284 1032 2334 PRONTO
1079 2286 1194 2331 CL.
1236 2282 1548 2335 IULIANO
1604 2283 1945 2335 SALUTEM
1983 2312 2005 2329 .

355 2500 808 2575 cumanus
840 2502 1202 2602 profecto,
1234 2501 1339 2575 mi
1375 2496 1745 2575 Naucelli¹
1783 2500 2182 2593 carissime,
2215 2522 2309 2573 eo

141 2646 284 2693 nos
342 2621 494 2695 fato
553 2620 924 2722 praeditos
965 2678 986 2718 .,
1053 2636 1136 2695 ut
1191 2622 1254 2695 si
1320 2621 1502 2694 mihi
1547 2620 1757 2694 liberi
1810 2620 2029 2694 etiam
2077 2617 2309 2693 uirilis

147 2770 364 2817 sexus
408 2743 558 2817 nati
611 2743 960 2834 fuissent,
1011 2768 1408 2844 eorumque
1437 2758 1627 2820 aetas
1661 2743 1805 2815 ho'c
1842 2741 2311 2843 potissimum

147 2877 484 2963 tempore
541 2864 638 2937 ad.
687 2847 932 2937 munia
984 2862 1284 2937 militiae
1337 2864 1687 2961 fungenda
1737 2861 2317 2955 adolescerete,

143 3011 302 3084 quo
355 2999 684 3085 tempore
741 3000 818 3059 tu
868 2987 1324 3085 prouinciam
1379 3012 1550 3061 cum
1586 2986 1929 3059 exercitu
1984 2983 2315 3057 admini-

143 3120 411 3181 strares
461 3164 484 3201 .‚
544 3107 649 3180 uti
706 3108 840 3181 sub
895 3121 964 3181 te
1013 3108 1156 3181 mei
1213 3106 1420 3179 liberi
1474 3106 1831 3207 stipendia
1891 3117 2245 3177 mererent
2276 3156 2310 3180 .-

149 3226 324 3302 Non
365 3227 578 3327 longe
632 3226 864 3300 aberit
914 3227 1088 3327 quin
1139 3226 1288 3299 hoc
1319 3282 1342 3319 .‚
1407 3222 1607 3327 quod
1665 3238 1961 3324 uterque
2010 3246 2311 3323 cupere·-

147 3368 2309 3417 ..-.-·-.--..--..--.,-.-..-.....--.---.

330 3456 365 3487 ⁴⁸
410 3458 512 3523 M
564 3458 742 3523 Laus
801 3450 1108 3544 Aquilini
1138 3506 1154 3522 .
1903 3447 1919 3469 ⁸

231 3726 266 3759 a
301 3686 423 3759 bod.
457 3708 694 3757 minorem
715 3745 728 3760 .
801 3706 832 3758 b
867 3708 942 3759 In
976 3706 1087 3757 cod.
1156 3722 1186 3755 c
1223 3708 1342 3756 Tam
1367 3709 1420 3757 in
1455 3708 1712 3757 Frontoni·
1746 3706 1914 3757 codice
1948 3722 2095 3773 quum
2116 3705 2169 3755 in
2204 3709 2305 3761 Cic.

156 3781 224 3832 de
243 3794 554 3848 rep.,nomen
586 3777 871 3830 adzdescens
911 3797 1002 3847 per
1033 3798 1068 3829 u
1087 3812 1100 3837 ,
1139 3778 1346 3829 uerbum
1375 3774 1600 3830 addesco
1635 3796 1724 3845 per
1769 3798 1799 3830 ο
1832 3778 2061 3830 scribitur
2080 3812 2095 3827 .

255 3972 275 4007 ι
327 3952 664 4025 Cognomen
746 3948 862 4009 hoc
943 3948 1198 4007 occurrit
1269 3948 1537 4019 ‚scribunt
1597 3947 1849 4029 Alypius
1920 3962 1978 4009 et
2024 3947 2311 4029 Augusti-

157 4033 347 4091 multo
369 4032 654 4109 posterius
673 4032 730 4089 in
754 4032 1019 4109 epistulis
1037 4036 1202 4108 Sym·-
1282 4052 1390 4091 nus
1423 4054 1513 4113 ep.
1551 4052 1688 4091 ux.

157 4114 393 4177 machi.
439 4116 588 4174 Item
640 4116 718 4175 ad
768 4114 1202 4177 Nauoellionem
