3384 5134
476 562 627 653 ·M·
690 564 1243 657 CORNELII
1318 506 1986 655 FRoNToms
2156 443 2314 677 ψ,

958 782 1512 845 EPISTULARUM

434 970 568 1047 AD
625 968 1241 1073 ANTONINUM
1297 928 2020 1042 IMPERATOREM

914 1204 1035 1253 BT
1126 1200 1549 1249 lnvlcnm

1034 1410 1271 1484 Luna
1344 1402 1409 1480 I.

966 1648 1517 1687 Μ

828 1888 893 1959 Ι.
951 1910 1341 1962 MAGISTRO
1396 1910 1597 1961 nmo.

354 2032 699 2201 Bonum
753 2153 1023 2202 annum
1048 2184 1072 2223 ‚
1138 2127 1413 2203 bonam
1446 2125 1750 2201 salutern
1778 2179 1800 2218 .,
1839 2124 2110 2201 bonam
2137 2130 2292 2203 for-

129 2256 398 2319 tunam
425 2260 597 2347 peto
623 2258 655 2294 ³
680 2272 721 2317 a
754 2242 865 2318 dis
904 2245 1021 2318 die
1045 2245 1227 2319 mihi
1266 2242 1599 2321 sollemni
1624 2240 1844 2315 natali
1868 2257 1994 2318 tuo
2020 2300 2041 2333 ‚
2075 2270 2290 2322 com-

121 2380 533 2467 potemque
584 2392 705 2439 me
755 2366 913 2439 uoti
952 2354 1107 2441 fore
1148 2363 1442 2439 confido
1475 2395 1495 2435 ε
1547 2388 1718 2437 nam
1755 2389 1972 2464 quem
2029 2380 2289 2467 sponte

114 2483 235 2556 dei
272 2486 541 2560 iuuisse
588 2470 888 2580 uolunt,
925 2498 1001 2559 et
1045 2484 1347 2585 dignum
1382 2510 1523 2585 ope
1553 2510 1679 2559 sua
1710 2484 2088 2581 iudicant,
2121 2510 2292 2559 eum
2411 2504 2420 2521 ⁸

118 2602 569 2680 commendo
619 2605 1039 2702 benignitati
1098 2630 1355 2679 eorum
1398 2657 1417 2675 .
1475 2606 1587 2677 Tu
1644 2629 1818 2677 cum
1867 2605 2004 2681 alia
2061 2605 2289 2679 laeta-

118 2722 329 2819 bilia,
360 2725 467 2800 mi
494 2726 854 2825 magister,
880 2714 951 2799 in
980 2740 1101 2801 tuo
1128 2728 1374 2801 animo
1396 2726 1577 2801 foeto
1606 2716 1724 2800 die
1747 2726 2041 2827 agitauis
2065 2719 2130 2821 b,
2157 2754 2292 2799 nu-

116 2861 406 2920 merato
439 2845 634 2946 apud
662 2862 729 2920 te
754 2849 881 2948 qui
908 2863 975 2923 te
996 2848 1205 2923 ualde
1232 2848 1531 2947 diligant
1553 2881 1571 2920 2
1597 2848 1673 2922 in
1705 2849 1791 2922 iis
1816 2848 2074 2949 primis
2087 2847 2290 2921 huno

116 2976 334 3041 tuum
385 2964 827 3068 discipulum
859 2969 1122 3070 ponito
1162 3000 1183 3066 3
1225 2967 1408 3041 inibi
1450 2952 1854 3042 Dominum
1879 2994 2122 3043 meum
2151 2968 2292 3040 fra-

122 3096 347 3179 trem,
376 3080 581 3149 πείθει
612 3082 951 3165 φιλοῦντας
983 3110 1046 3152 σε
1076 3084 1447 3177 α’νθῃῶπους
1474 3131 1493 3151 .
1556 3086 1760 3177 Uale,
1794 3102 1868 3159 et
1901 3112 2288 3187 perennem

111 3202 373 3276 multis
406 3204 611 3277 annis
644 3204 917 3277 bonam
944 3205 1437 3281 ualetudinem
1465 3218 1495 3256 c
1529 3261 1553 3302 ‚
1594 3207 1703 3279 mi
1723 3207 2064 3305 magister
2090 3206 2288 3307 opti-

108 3348 235 3397 me
262 3378 289 3417 .,
325 3320 755 3398 laetissimus
786 3324 1289 3401 incolumitate
1327 3328 1553 3422 filiae,
1580 3341 1975 3429 nepotum,
2005 3326 2236 3424 generi
2259 3378 2282 3399 .

112 3443 390 3517 Nostra
416 3445 752 3520 Faustina
787 3448 1017 3519 reficit
1052 3447 1429 3542 sanitatem
1458 3502 1475 3519 .
1504 3446 1754 3521 Pullus
1782 3460 2022 3521 noster
2046 3448 2286 3520 Anto-

110 3564 331 3639 ninus
358 3574 379 3611 ¹
405 3562 645 3665 aliquo
678 3562 907 3641 lenius
933 3566 1148 3641 tussit
1174 3600 1193 3637 =
1222 3582 1568 3669 quantum
1602 3568 1900 3668 quisque
1930 3565 2008 3643 in
2028 3563 2280 3639 nidulo

108 3697 371 3757 nostro
396 3685 544 3756 iam
570 3683 787 3785 sapit,
816 3700 1100 3759 tantum
1130 3711 1269 3786 pro
1300 3702 1371 3759 te
1394 3678 1790 3787 precaturd
1816 3742 1835 3759 .
1871 3688 2146 3760 Iterum
2173 3697 2284 3759 at·

180 3924 217 3955 a
250 3906 332 3955 In
370 3906 562 3959 mend..
600 3921 647 3959 2.
684 3926 816 3959 mnu.
854 3909 939 3961 ned
982 3924 1027 3961 1.
1061 3919 1223 3979 poeta
1250 3946 1264 3960 .
1334 3906 1364 3957 b
1398 3910 1474 3959 Ita
1514 3908 1625 3960 cod.
1652 3926 1690 3959 ιι
1728 3925 1820 3977 pro
1869 3906 1934 3959 b.
1971 3904 2127 3959 Semel
2175 3920 2280 3953 nu·-

114 3987 209 4024 tnn
256 3993 427 4027 notare
462 3978 603 4028 liceat
624 4014 639 4037 ,
670 3978 806 4029 hune.
844 3980 1056 4035 duarum
1097 3980 1367 4031 litterarum
1403 3982 1736 4046 prominentia:
1783 3996 1924 4030 tunm
1953 3980 2014 4029 nb
2053 3970 2280 4045 Hispani·

116 4046 214 4097 adh
224 4066 284 4097 uc
326 4050 521 4099 retineri
544 4084 557 4099 .
627 4068 654 4099 c
689 4051 766 4101 112
806 4050 916 4105 cod.
939 4053 1039 4107 cine
1066 4053 1218 4103 uerbo
1240 4088 1255 4104 .
1324 4050 1361 4101 d
1393 4051 1514 4104 eod.
1533 4060 1805 4125 μακων-
1825 4088 1842 4107 .

224 4231 249 4270 ι
301 4212 517 4272 Confer
551 4234 639 4293 ep.
687 4214 797 4277 111.
