3384 5134
895 492 992 547 DE
1047 494 1342 547 aaron
1414 495 1684 546 Amlsso
2204 498 2347 572 217

791 736 918 786 '11.
981 728 1366 785 auronum
1421 728 1767 783 AUGUSTO

1118 970 1412 1022 PRONTO
1447 1000 1468 1019 .

427 1185 728 1259 Mun-ris
779 1184 1198 1259 huiusmodi
1245 1184 1692 1259 maeroribus
1739 1185 2027 1261 fortuna
2070 1211 2193 1261 me
2244 1208 2374 1289 per

211 1328 524 1377 omnem
545 1304 774 1377 uitam
807 1330 1050 1379 meam
1073 1304 1394 1378 exercuit
1424 1359 1441 1378 .
1469 1304 1660 1379 Nam
1692 1318 1777 1378 ut
1806 1302 1945 1379 alia
1976 1330 2139 1379 mea
2174 1330 2377 1381 acer-

215 1424 322 1499 ba
357 1424 694 1497 omittam
723 1479 746 1517 ‚
803 1424 1118 1524 quinque
1170 1423 1377 1497 amisi
1421 1422 1692 1501 liberos
1759 1426 2157 1503 miserrima
2214 1427 2377 1528 qui-

225 1544 408 1631 dem
461 1544 892 1619 condicione
949 1560 1368 1646 temporum
1422 1571 1759 1620 meorum
1786 1580 1806 1618 ε
1856 1574 2028 1623 nam
2066 1548 2381 1651 quinque

217 1692 484 1741 omnes
543 1690 1128 1767 unumquemque
1208 1692 1493 1768 semper
1551 1668 1849 1741 unicum
1926 1668 2133 1743 amisi
2159 1698 2193 1771 ς,
2246 1666 2381 1741 has

213 1785 554 1861 orbitatis
621 1787 822 1861 uices
888 1813 1268 1888 perpessus
1317 1844 1340 1883 .,
1411 1802 1494 1861 ut
1556 1813 1955 1887 numquam
2008 1790 2193 1865 mihi
2242 1789 2381 1863 nisi

221 1906 486 1981 orbato
515 1907 704 1982 filius
747 1922 1157 1983 nasceretur
1197 1964 1216 1979 .
1271 1909 1380 1981 Ita
1413 1932 1699 2007 semper
1727 1908 1877 1981 sine
1912 1907 2067 1985 ullo
2104 1905 2377 1995 solacio

221 2030 512 2105 resiuuo
549 2027 812 2105 liberos
857 2032 1122 2125 amisi,
1181 2056 1354 2105 cum
1399 2029 1667 2103 recenti
1716 2028 1919 2104 luctu
1958 2034 2375 2133 procreaui.

220 2148 508 2223 Uerum
531 2149 694 2224 illos
719 2176 850 2248 ego
873 2148 1115 2223 luctus
1141 2148 1440 2224 toleraui
1467 2150 1727 2224 fortius
1754 2204 1777 2243 ‚
1812 2150 2075 2251 quibus
2096 2167 2385 2251 egomet

219 2268 386 2368 ipse
449 2268 648 2343 solus
706 2267 1088 2343 cruciabar
1118 2324 1137 2341 .
1209 2269 1540 2369 Namque
1601 2294 1807 2343 meus
1860 2268 2145 2345 animus
2216 2297 2381 2345 me·-

219 2402 380 2461 met
413 2388 656 2464 dolori
693 2390 1003 2464 obnixus
1037 2402 1070 2439 ὃ
1093 2443 1115 2479 ,
1146 2388 1528 2490 oppositus
1551 2441 1570 2476 ‚
1623 2388 1829 2490 quasi
1876 2387 2203 2466 solitario
2227 2414 2386 2466 eer-

227 2510 500 2584 tamine
524 2566 547 2606 .,
581 2538 762 2585 unus
795 2512 920 2585 uni
944 2567 963 2602 ‚
1015 2539 1148 2612 par
1185 2510 1370 2611 pari,
1413 2508 1784 2585 resistebat
1810 2565 1829 2582 .
1882 2514 1985 2587 At
2018 2536 2211 2589 nunc
2237 2566 2259 2587 .
2296 2566 2317 2583 .
2340 2504 2383 2565 Ι)

225 2627 446 2703 dolor
465 2628 722 2705 dolore
750 2686 771 2702 .
809 2688 828 2703 .
861 2643 890 2679 ⁰
925 2631 989 2703 ri
1031 2626 1560 2729 multiplicatur
1592 2683 1615 2723 .,
1651 2644 1725 2703 et
1763 2628 2137 2705 cumulum
2170 2656 2389 2706 meo-

227 2775 394 2823 rum
429 2749 778 2825 ·luctuum
815 2751 992 2823 ferre
1041 2774 1318 2849 nequeo
1363 2802 1382 2821 .
1440 2748 1812 2823 Uictorini
1864 2749 2012 2824 mei
2062 2747 2391 2827 lacrimis

231 2867 534 2943 tabesco
557 2924 581 2964 ‚
637 2868 1108 2971 conliquesco
1129 2924 1146 2941 .
1175 2870 1396 2970 Saepe
1417 2870 1640 2943 etiam
1662 2868 2052 2971 expostulo
2078 2896 2251 2947 cum
2276 2870 2393 2947 dis

113 3066 124 3075 ‚
227 2986 768 3065 immortalibus
825 3001 899 3062 et
951 2988 1090 3063 fata
1141 2988 1374 3085 iurgio
1424 2985 1800 3089 compello
1842 3044 1861 3061 .
1917 2988 2392 3068 Uictorinum

228 3106 498 3207 pietate
522 3165 547 3203 ‚
579 3108 1122 3185 mansuetudine
1141 3163 1164 3202 ‚
1191 3110 1488 3183 ueritate
1509 3162 1532 3201 ,
1559 3107 1969 3181 innocentia
2004 3109 2321 3182 maxima
2354 3160 2387 3204 ‚

230 3227 566 3301 omnium
598 3226 904 3329 denique
943 3230 1394 3328 optimarum
1428 3226 1692 3299 artium
1746 3224 2220 3325 praecipuum
2264 3226 2385 3299 ui·-

233 3372 401 3419 rum
437 3345 904 3421 acerbissima
949 3361 1184 3420 morte
1229 3342 1333 3418 fili
1393 3343 1814 3437 adflictumr,
1866 3342 2175 3416 hoccine
2229 3340 2385 3419 ullo

235 3466 470 3541 modo
503 3492 810 3570 aequum
844 3483 966 3543 aut
989 3468 1258 3541 iustum
1297 3458 1494 3541 fuit?
1545 3466 1616 3539 Si
1640 3464 2091 3566 prouidentia
2116 3491 2226 3541 res
2252 3492 2392 3565 gu-

239 3586 656 3683 bernantur,
687 3588 836 3661 hoc
859 3580 901 3638 ἃ
927 3584 1120 3660 idem
1155 3602 1348 3659 recte
1370 3586 1747 3686 prouisum
1768 3576 1919 3658 est?
1940 3582 2015 3657 Si
2040 3584 2185 3659 fato
2216 3610 2395 3659 cun-

235 3722 356 3783 cta
369 3706 678 3785 humana
705 3708 1206 3801 decernuntur,
1225 3706 1531 3782 hoccine
1547 3708 1700 3780 fato
1728 3702 2015 3780 decerni
2032 3708 2299 3783 debuit
2310 3700 2393 3784 εἳ

232 3824 540 3903 Nullum
563 3854 729 3929 ergo
763 3828 943 3903 inter
975 3830 1208 3904 bonos
1245 3852 1331 3902 ac
1370 3824 1603 3901 malos
1630 3827 2082 3906 fortunarum
2118 3826 2391 3903 discri-

305 4052 438 4104 αἶα
473 4049 678 4103 abed-e
714 4052 816 4104 nine
849 4050 1028 4103 li.t=m
1061 4052 1207 4102 Nol
1195 4070 1212 4102 ι
1251 4066 1414 4103 autem
1463 4051 1731 4120 quiequam
1774 4050 2071 4103 innume.
2142 4046 2173 4099 b
2200 4046 2389 4115 supple

241 4139 468 4175 mam.
535 4124 660 4174 cSn
667 4122 778 4189 pple
822 4122 874 4170 d·
873 4139 922 4171 ιο
968 4125 1152 4179 uerba.
1218 4121 1257 4173 d
1291 4124 1352 4177 In
1402 4122 1569 4177 codice
1603 4120 1805 4174 forum
1842 4122 2102 4194 corrigitur
2150 4118 2393 4181 Ιιοεουυ

237 4209 271 4243 ο
303 4196 460 4247 ‘rann
485 4209 562 4247 ont
599 4192 774 4245 taem
813 4192 1030 4249 codicis.
