3384 5134
1174 457 1279 553 96
1796 478 2694 537 An·u·cazssuzn

1174 602 1249 649 ra
1276 630 1295 645 .
1327 574 1581 675 Itaque
1604 574 2012 674 conperisse
2037 574 2288 652 uideor
2304 633 2328 673 ,
2347 590 2429 649 ut
2451 576 2576 679 qui
2601 576 2752 650 eius
2771 573 3040 677 scripta
3080 576 3302 649 omnia

1171 697 1692 773 studiosissime
1715 696 2106 771 lectitarim
2124 753 2148 793 .‚
2185 712 2422 772 cetera
2455 724 2622 771 eum
2659 722 2906 795 genera
2937 696 3304 773 uerborum

1166 812 1669 920 'copiosissime
1692 818 2190 921 uberrimeque
2237 833 2574 894 tractasse
2602 875 2627 914 .‚
2681 816 2906 893 uerba
2971 818 3256 920 propria
3277 870 3299 909 ,

1168 938 1507 1013 translata
1538 994 1564 1034 .‚
1602 938 1966 1041 simplicia
1985 995 2008 1034 ‚
2045 944 2430 1039 conposita
2456 997 2480 1037 ,
2517 954 2592 1014 et
2628 964 2808 1041 quae
2840 940 2916 1011 iu
2945 940 3098 1011 eius
3125 936 3300 1011 scri-

1165 1058 1315 1133 btis
1356 1056 1621 1156 ubique
1672 1055 1997 1130 dilucent
2022 1113 2046 1153 ‚
2093 1058 2308 1132 uerba
2360 1058 2664 1135 honesta
2701 1114 2750 1153 ,,
2801 1079 3294 1159 saepenumero

1164 1183 1383 1257 etiam
1404 1204 1706 1253 amoena
1738 1188 1755 1223 ¹
1779 1210 1798 1248 ε
1831 1206 2058 1279 quom
2095 1194 2334 1253 tamen
2369 1180 2442 1253 in
2479 1180 2820 1254 omnibus
2851 1180 3004 1252 eius
3043 1175 3298 1251 oratio-

1168 1304 1385 1379 nibus
1414 1300 1847 1401 paucissima
1893 1299 2300 1375 admodum
2337 1302 2642 1401 reperias
2680 1300 3040 1401 insperata
3086 1296 3300 1397 adque

1170 1422 1539 1525 inopinata
1572 1420 1814 1514 uerba,
1843 1446 2024 1520 quae
2059 1421 2340 1506 nonnisi
2374 1445 2544 1493 cum
2578 1419 2819 1493 studio
2847 1432 3061 1521 atque
3086 1428 3116 1466 ¹¹
3148 1440 3302 1487 cura

1182 1558 1395 1645 atque
1422 1540 1665 1639 uigilia
1688 1538 1922 1641 adque
1943 1539 2170 1613 multa
2197 1534 2235 1591 b
2257 1554 2586 1615 ueterum
2606 1538 3015 1613 carminum
3037 1559 3306 1610 memo-

1169 1667 1275 1741 ria
1297 1664 1720 1761 indagantur
1749 1718 1769 1733 .
1802 1664 2256 1763 Insperatum
2285 1676 2526 1737 autem
2551 1660 2785 1763 adque
2805 1674 2836 1711 ⁰
2859 1660 3298 1759 inopinatum

1170 1790 1481 1863 uerbum
1504 1779 1545 1835 d
1574 1784 1870 1885 appello
1894 1839 1919 1879 ,
1972 1784 2173 1884 quod
2206 1799 2490 1885 praeter
2525 1810 2732 1885 spem
2766 1796 2978 1885 atque
3032 1779 3303 1881 opinio·

1168 1936 1335 1983 nem
1357 1907 1804 1981 audientium
1829 1922 1954 1985 aut
1972 1907 2356 2006 legentium
2370 1906 2742 2008 promitur
2767 1939 2787 1976 ε
2839 1905 2938 1977 ita
2964 1916 3048 1976 ut
3075 1902 3138 1975 si
3153 1898 3306 1974 sub-

1174 2030 1411 2103 trahas
1434 2082 1460 2120 ,
1514 2024 1748 2127 adque
1769 2036 1802 2071 e
1825 2050 1996 2097 eum
2049 2027 2171 2125 qui
2200 2026 2386 2125 legat
2415 2052 2745 2127 quaerere
2770 2026 3014 2127 ipsum
3037 2022 3301 2113 iubam,

1118 2166 1298 2241 ‚’aut
1328 2147 1649 2243 nullum,
1690 2162 1814 2221 aut
1842 2140 1870 2195 s
1889 2148 2156 2223 nonita
2189 2148 2284 2223 ad
2311 2148 2860 2249 significandum
2889 2148 3307 2221 adcommo-

1166 2268 1423 2348 datum
1448 2282 1484 2338 8
1519 2270 1822 2345 uerbum
1857 2268 2052 2343 aliud
2089 2273 2393 2371 reperiat
2417 2328 2436 2343 .
2465 2273 2706 2362 Quam
2736 2270 2836 2346 ob
2869 2296 3024 2344 rem
3055 2284 3126 2341 te
3158 2292 3303 2341 ma·

1170 2419 1310 2493 gno
1344 2417 1561 2493 opere
1594 2380 1634 2436 ¹¹
1676 2387 2082 2484 conlaudo,
2119 2390 2320 2489 quod
2347 2391 2416 2465 ei
2449 2389 2552 2463 rei
2577 2414 2827 2463 curam
2861 2387 3305 2461 industriam-

1168 2540 1311 2613 que
1331 2509 1627 2585 adhibes
1647 2563 1669 2603 ‚
1702 2520 1784 2581 ut
1809 2505 2114 2581 uerbum
2139 2535 2230 2582 ex
2261 2508 2411 2584 alto
2431 2533 2635 2583 eruas
2659 2500 2677 2556 ῑ
2699 2522 2776 2581 et
2799 2504 2892 2580 ad
2928 2504 3306 2602 significan-

1172 2632 1354 2705 dum
1384 2627 1914 2703 adcommodes
1955 2683 1974 2700 .
2033 2631 2312 2703 Uerum
2345 2684 2368 2725 ‚
2424 2644 2506 2703 ut
2537 2628 2741 2703 initio
2793 2627 2951 2703 dixi
2981 2648 3307 2724 magnum

1168 2750 1247 2822 iu
1281 2776 1358 2823 ea
1390 2776 1464 2822 re
1493 2748 1898 2850 periculum
1926 2764 2032 2824 est
2060 2806 2083 2845 .,
2120 2778 2206 2823 ne
2233 2752 2472 2827 minus
2495 2764 2660 2851 apte
2683 2764 2808 2825 aut
2826 2775 3090 2851 parum
3115 2746 3299 2820 dilu-

1170 2869 1333 2944 cide
1354 2884 1479 2945 aut
1508 2897 1653 2944 non
1683 2871 1852 2945 satis
1886 2870 2144 2943 decore
2169 2926 2192 2966 .‚
2225 2884 2350 2945 aut
2369 2898 2410 2945 a
2435 2870 2840 2945 semidocto
2865 2868 3307 2945 conloceturz

1172 3018 1486 3095 namque
1510 2991 1744 3067 multo
1798 2993 2020 3067 satius
2041 3006 2150 3065 est
2199 2990 2610 3089 uolgaribus
2633 3007 2706 3066 et
2735 2992 3049 3087 usitatis,
3105 3014 3307 3093 quam

1172 3115 1477 3189 remotis
1514 3128 1588 3188 et
1617 3116 1975 3216 requisitis
2013 3114 2118 3189 uti
2137 3171 2158 3211 ,
2187 3115 2256 3203 ‚si
2285 3142 2546 3215 parum
2569 3116 2916 3215 significet
2939 3168 2961 3186 .

1276 3234 1487 3310 Haud
1518 3234 1557 3291 k
1586 3237 1814 3313 sciam
1845 3264 1936 3311 an
1969 3236 2140 3311 utile
2185 3238 2281 3311 sit
2293 3236 2797 3313 demonstrare
2821 3248 3086 3337 quanta
3123 3233 3302 3309 diffi-

1232 3466 1272 3495 a
1302 3444 1378 3493 Ita
1411 3462 1579 3496 rursus
1610 3446 1722 3494 cod.
1743 3462 1828 3511 per
1845 3454 1867 3492 t
1885 3481 1899 3503 ,
1935 3444 2053 3495 licet
2075 3445 2332 3512 praecedat
2354 3444 2484 3495 idem
2517 3441 2810 3494 uocabulum
2837 3460 2952 3493 cum
2973 3441 3011 3491 d
3031 3480 3044 3494 .
3117 3441 3149 3493 b
3187 3438 3310 3491 Mu!-

1164 3524 1223 3563 ta
1257 3514 1455 3566 additur
1506 3530 1552 3562 2.
1590 3534 1738 3565 manu
1769 3554 1783 3567 .
1849 3534 1880 3565 c
1915 3516 2084 3585 Adqae
2133 3516 2330 3567 additur
2367 3532 2416 3567 2.
2457 3532 2641 3565 manu.
2711 3514 2748 3564 d
2785 3515 2908 3566 cod.
2961 3530 3081 3563 tuero
3103 3550 3118 3563 .
3187 3530 3212 3560 e
3245 3513 3306 3559 Ne

1168 3588 1403 3634 miremur
1436 3584 1576 3638 toties
1602 3588 1765 3656 adque
1787 3582 1908 3651 (uel
1939 3590 2124 3658 atque)
2151 3604 2243 3653 pro
2273 3598 2322 3636 et
2359 3588 2504 3637 scribi
2524 3621 2538 3644 .
2576 3586 2717 3636 docet
2743 3586 2848 3652 ipse
2873 3587 3068 3635 Marcus
3119 3583 3188 3633 11.
3225 3582 3276 3628 16
3295 3616 3306 3635 2

1164 3655 1481 3707 imitationem
1504 3676 1607 3709 esse
1626 3662 1820 3708 Catoni·
1840 3694 1864 3721 ,⁸
1909 3652 1961 3728 f
1981 3658 2101 3708 God.
2127 3668 2210 3709 nt.
2279 3676 2318 3727 g
2353 3658 2476 3708 Cod.
2515 3668 2609 3706 aut
2649 3674 2752 3708 non
2795 3658 2870 3705 ita
2922 3652 3307 3725 significandum

1164 3726 1645 3779 adcommdandmn
1672 3748 1688 3789 ς
1719 3744 1826 3779 tum
1855 3728 2164 3780 emendatum
2195 3726 2624 3779 micmmodaum
2646 3766 2660 3779 .
2727 3728 2762 3775 h
2799 3728 2875 3777 In
2912 3742 2960 3779 a.
2984 3743 3171 3786 manin
3201 3738 3246 3775 st
3267 3736 3302 3767 1-

1166 3812 1493 3868 magnopere.
1558 3800 1579 3849 ἰ
1614 3803 1689 3850 Ita
1725 3816 1774 3851 a.
1803 3818 1980 3863 ωας
2015 3816 2066 3851 ιτ
2108 3814 2152 3849 ι.
2179 3798 2351 3859 erbas,
2379 3800 2408 3852 b
2440 3817 2532 3869 pro
2571 3818 2608 3849 ιι
2637 3838 2650 3851 .
2719 3797 2752 3849 Ι(
2789 3796 2910 3849 God.
2945 3798 3072 3849 haut
3097 3836 3114 3849 .

1256 4005 1278 4039 1
1328 3981 1479 4041 Hinc
1508 3982 1714 4041 Cicero
1755 4004 1788 4039 a
1823 3983 2018 4045 Gellio
2051 4006 2193 4045 xm.
2279 3984 2489 4063 proph.
2526 4005 2652 4062 eap.
2685 3984 2792 4042 ult.
2816 3984 2974 4043 idem
2991 3982 3200 4043 Cicero
3219 4002 3310 4056 ap-

1167 4070 1247 4133 24
1282 4064 1497 4123 dicitur
1538 4068 1853 4127 uerborum
1889 4071 2054 4127 bomo
2105 4070 2200 4126 di·
2279 4066 2537 4145 pellatur
2569 4070 2880 4128 net-borum
2921 4070 3310 4144 diligentissi-

1172 4152 1600 4223 Iigentissimus
1620 4191 1635 4205 .
1680 4149 1961 4209 Similiter
1981 4151 2056 4209 ab
2085 4152 2203 4208 Au-
2282 4172 2410 4213 mus
2443 4172 2732 4232 appensor
2765 4163 2822 4213 et
2853 4171 3083 4215 mensor
3101 4194 3118 4217 ρ

1164 4231 1399 4309 gustiuo
1436 4246 1633 4295 contra
1660 4232 1951 4293 aduersu.
1985 4234 2100 4313 leg.
2137 4247 2194 4295 et
