3384 5134
968 480 1015 527 1,
1046 481 1069 527 1
1102 480 1137 525 Β
1168 480 1209 525 i:
1240 479 1285 526 n
1380 481 1519 529 1111
2182 484 2208 531 1
2227 461 2322 535 03

168 584 396 665 secuti
428 566 640 657 suut.
676 576 903 677 Igitur
938 572 1361 663 Tiberianus
1386 574 1982 651 bibliothecarius
2021 576 2156 651 tibi
2196 606 2328 652 su-

164 706 581 813 bigitaudus
636 715 751 775 est
798 730 819 795 τ,
876 696 1150 799 aliquid
1204 698 1281 771 in
1330 727 1492 773 eam
1554 728 1708 777 rem
1761 700 2272 775 insumendum
2300 756 2330 797 ‚

165 832 365 935 quod
424 828 607 901 mihi
636 824 755 896 ille
783 879 804 917 ,
864 836 948 893 ut
985 820 1079 892 ad
1120 820 1374 893 urbem
1414 850 1673 896 uenero
1699 878 1721 917 ‚
1771 849 1994 923 aequa
2027 822 2332 898 diuisio-

162 980 249 1026 ne
281 950 628 1052 inpertiat
654 1004 671 1018 .
712 944 850 1017 Sed
882 968 1013 1039 ego
1054 941 1499 1015 orationibus
1534 942 1649 1015 his
1682 941 2019 1045 perlectis
2055 945 2326 1045 paulu-

159 1070 321 1145 lum
347 1128 370 1165 ,
396 1072 731 1143 miserere
757 1122 780 1159 ‚
817 1062 1079 1163 scripsi
1112 1060 1312 1162 quod
1344 1076 1471 1134 aut
1496 1062 1824 1163 lymphis
1855 1080 1979 1137 aut
2011 1064 2326 1139 uolcano

162 1194 487 1268 dicarem
540 1204 559 1239 ¹
588 1248 611 1285 ⁷
668 1194 927 1269 ἀληθῶς
976 1192 1237 1275 ἐτυχᾶς
1276 1192 1527 1280 σῆμηρον
1572 1192 1938 1285 φήμης-αἰ
1981 1222 2088 1284 μς,
2116 1245 2140 1285 2
2191 1216 2325 1263 ue..

156 1312 437 1386 natoris
476 1309 685 1413 plane
738 1325 861 1383 aut
912 1292 1463 1383 uiudcmiatoris
1509 1310 1910 1385 studiolum
1942 1367 1965 1406 .,
2015 1311 2140 1415 qui
2203 1312 2325 1383 iu-

154 1432 331 1505 bilis
369 1431 516 1503 suis
552 1427 976 1501 cubiculum
1014 1452 1260 1498 meum
1298 1444 1758 1529 perstrepunt
1783 1442 1816 1479 ²
1841 1486 1864 1524 ‚
1908 1428 2330 1505 causidicali

152 1576 471 1651 prosum
498 1562 531 1597 ⁸
562 1547 735 1621 odio
760 1562 832 1619 et
862 1546 1057 1620 tedio
1094 1538 1133 1595 ὅ
1154 1602 1172 1615 .
1204 1546 1407 1643 Quid·
1442 1546 1587 1620 hoc
1616 1547 1776 1621 dixi
1797 1540 1838 1621 ἶ)
1859 1549 2094 1621 immo
2131 1562 2328 1620 recte

150 1670 309 1743 dixi
344 1704 363 1741 ε
402 1696 577 1741 nam
614 1693 817 1770 meus
856 1666 1154 1767 quidem
1180 1670 1519 1767 magister
1546 1684 1792 1743 orator
1821 1684 1932 1745 est
1957 1726 1974 1741 .
2009 1672 2168 1767 Ego
2202 1669 2326 1739 ui·-

148 1790 341 1862 deor
374 1783 561 1860 mihi
583 1788 997 1888 Perfrixisse
1021 1844 1042 1883 .‚
1078 1788 1281 1888 quod
1316 1814 1525 1863 mane
1552 1789 1864 1864 soleatus
1897 1788 2268 1862 ambulaui
2296 1842 2324 1881 ‚

150 1936 241 1984 an
274 1909 485 2011 quod
524 1910 715 1982 male
752 1909 1011 2010 scripsi
1036 1963 1058 2004 ‚
1084 1934 1230 1983 nou
1260 1908 1413 1981 scio
1446 1966 1463 1981 .
1490 1910 1704 1984 Certe
1735 1910 1962 1984 homo
1989 1907 2262 2009 alioqui
2285 1918 2320 1953 ⁰

146 2021 647 2131 pituitosusd‚
692 2028 913 2103 hodie
942 2044 1183 2103 tamen
1236 2030 1473 2103 multo
1506 2029 2047 2103 mucculentior
2069 2041 2100 2077 θ
2133 2026 2322 2099 mihi

146 2178 303 2225 esse
347 2151 611 2224 uideor
633 2206 649 2221 .
684 2152 935 2251 Itaque
986 2148 1229 2222 oleum
1262 2150 1338 2221 iu
1372 2166 1596 2249 caput
1626 2149 2006 2222 infundam
2027 2162 2105 2221 et
2132 2146 2324 2218 inci-

140 2274 355 2373 piam
378 2271 755 2368 dormiret,
784 2300 956 2345 uam
988 2273 1065 2345 iu
1085 2272 1459 2345 lucernam
1486 2272 1707 2347 hodie
1733 2269 2009 2345 nullam
2045 2268 2320 2343 stillani

140 2395 417 2466 inicere
452 2394 739 2491 cogito:
778 2392 879 2465 ita
937 2414 1055 2463 me
1078 2392 1425 2491 equitatio
1468 2406 1539 2464 et
1576 2390 2004 2465 sternutatio
2065 2387 2320 2460 defeti-

142 2512 387 2609 gauit.
430 2512 729 2586 Ualeuis
754 2505 785 2561 f
810 2513 1035 2607 mihi,
1080 2514 1417 2609 magister
1452 2514 1824 2586 carissime
1857 2528 1928 2585 et
1975 2510 2318 2584 dulcissi-

138 2658 263 2705 me
306 2689 328 2727 ‚
388 2660 609 2734 quem
646 2660 831 2731 eg0‚
874 2636 1107 2709 ausim
1148 2634 1387 2709 dicere
1428 2636 1738 2734 ‚magis
1807 2660 2026 2736 quam
2077 2634 2320 2737 ipsam

136 2752 470 2829 Romam
512 2750 911 2831 desidero*

460 3020 577 3070 τι.
612 3022 809 3070 mua
855 3023 1035 3073 num
1076 3006 1467 3071 mAcrs‘rrz’n
1500 3024 1946 3073 nnzctssmss
1979 3053 2000 3069 .

244 3232 407 3309 Nos
443 3236 766 3313 ualemus
806 3296 823 3310 .
858 3241 1016 3337 Ego
1044 3237 1490 3339 aliquantum
1519 3238 1982 3340 prodormiui
2015 3248 2316 3339 propter

122 3554 168 3619 d
279 3464 357 3619 d*
408 3464 513 3529 M.
563 3460 801 3527 Ausim
850 3464 1119 3545 dicere,
1168 3465 1375 3553 magis
1424 3478 1485 3527 te
1535 3484 1740 3551 quam
1775 3463 1986 3551 ipsam
2029 3464 2312 3533 Romam

176 3579 275 3620 esi
328 3578 446 3619 ero
475 3604 491 3619 .

118 3688 2314 3722 *ψῃ-Ἢ

194 3792 235 3823 a
270 3770 353 3823 In
383 3772 497 3825 eod.
568 3771 599 3821 h
638 3774 713 3822 Ita
732 3772 853 3824 ’.οοὰ
889 3768 991 3823 sine
1028 3774 1239 3839 diphth.
1310 3792 1339 3825 c
1376 3776 1496 3826 cond
1526 3778 1645 3845 qm‘;
1684 3792 1792 3827 tum
1841 3792 1888 3826 2.
1927 3796 2078 3830 mann
2113 3781 2304 3833 factum

118 3844 363 3914 alioqui.
430 3844 473 3893 d
504 3844 621 3895 Vox
659 3842 777 3893 haec
920 3846 1069 3893 etitur
1097 3848 1147 3895 in
1184 3864 1335 3917 margi
1338 3866 1399 3897 ne
1454 3864 1507 3899 ut
1552 3850 1818 3901 notabilis.
1889 3866 1916 3897 e
1955 3852 2211 3920 Repetitur
2249 3858 2304 3905 in

118 3920 353 3987 margine
390 3932 513 3966 cum
552 3914 693 3965 unica
725 3932 791 3967 c.
830 3860 1000 3987 flu.
1037 3918 1551 3981 cod.1.mnu3nt
1587 3937 1633 3972 2.
1661 3920 1886 3975 ualehiuv

218 4094 241 4129 1
290 4072 518 4131 Confer
562 4069 666 4131 lib.
711 4076 787 4131 11.
830 4076 921 4134 13.
1270 4078 1497 4135 Marcus
1532 4078 1611 4134 ait
1652 4101 1714 4137 se
1750 4100 1878 4137 cum
1913 4078 2308 4141 uindemiato·

208 4177 243 4215 2
292 4154 589 4233 Intelligit
606 4171 941 4215 aenatorum
980 4160 1183 4219 uinde-
1264 4160 1424 4221 ribus
1460 4162 1799 4223 iubilauisse
1832 4207 1852 4226 .

118 4236 562 4318 mimorumque
607 4240 925 4299 cantilenas
961 4282 976 4297 .
1024 4246 1182 4305 Infra
