3384 5134
1057 538 1204 596 202

1638 550 2651 688 EPJSitJLAff-cm‘.

1557 824 1713 899 'AD
1758 822 2416 898 ANTONINUM
2451 816 2741 893 PIUM
2780 865 2789 877 .

1823 986 2430 1109 JNDEJ.

1506 1282 1604 1351 Ut
1649 1279 2009 1365 meministi
2044 1325 2071 1360 ‚
2114 1280 2356 1349 Caesar
2392 1322 2413 1359 ‚
2474 1298 2631 1345 cum
2668 1272 2791 1341 tibi
2826 1320 2849 1339 .
2970 1312 2977 1321 -

1517 1392 1787 1475 Quanta
1836 1434 1853 1451 .
1907 1432 1926 1449 .
1977 1434 1993 1449 .
2047 1432 2063 1447 .

1503 1496 1578 1566 Si
1625 1495 1893 1561 euenire
1964 1507 2183 1583 posset
2230 1491 2384 1581 imp.

1507 1602 1747 1671 carius
1798 1598 1976 1665 uita'e
2022 1621 2205 1664 meae
2252 1602 2439 1687 pai-te
2466 1644 2483 1661 .

1515 1708 1693 1776 Cum
1737 1704 1910 1771 bene
1993 1720 2370 1793 perspectas
2408 1751 2428 1770 .

2206 1811 2225 1845 1

1509 1813 1692 1881 Cum
1758 1811 2159 1902 grauitatem
2266 1858 2285 1875 .
2338 1856 2354 1873 .

1517 1914 1807 1986 Omnem
1852 1920 1880 1952 ²
1928 1938 2197 2003 operam
2242 1937 2350 1981 me
2388 1964 2407 1980 .

1517 2126 1777 2217 Accepi
1836 2128 2081 2195 Caesar
2118 2120 2145 2168 3
2189 2174 2205 2191 .

1517 2233 1880 2301 Castricius
1932 2248 2156 2297 noster
2194 2233 2226 2281 4
2250 2276 2277 2311 f.

1517 2336 1769 2428 Legem
1804 2382 1827 2419 ‚
1874 2333 1975 2401 fili
2012 2381 2033 2415 ‚
2079 2332 2367 2399 libenter
2402 2382 2418 2399 .

1521 2442 1767 2509 Fecisti
1813 2441 2016 2507 stater
2064 2443 2392 2510 Contucci
2434 2489 2453 2507 .

1143 2656 1181 2691 a
1212 2642 1329 2711 Legi
1363 2642 1534 2709 nequit
1569 2643 1767 2693 initium
1806 2644 1949 2693 utfin-
1972 2640 2237 2709 epistulne3
2282 2652 2330 2689 et
2360 2636 2562 2709 quidem
2592 2638 2699 2693 due
2732 2634 3085 2705 formetque
3124 2630 3247 2684 111ὒί

1083 2724 1154 2761 ent
1189 2717 1360 2781 quinta
1399 2712 1515 2762 libri
1539 2713 1582 2765 1.
1617 2712 1682 2763 nd
1721 2710 1806 2760 ‘M’
1838 2715 1975 2763 Caes.

1163 2886 1186 2921 ι
1238 2868 1395 2925 Haec
1427 2864 1676 2943 epistula
1719 2864 2006 2945 repetitur
2049 2864 2111 2920 in

1063 2948 1329 3007 secundo
1379 2949 1532 3007 libro
1575 2951 1652 3009 nd
1693 2952 1906 3009 amieos
1938 2992 1951 3005 .
1996 2948 2113 3006 Sed

1074 3045 1232 3089 recte
1270 3030 1403 3090 heic
1425 3052 1652 3111 quoque
1678 3034 1995 3093 collocatur
2029 3050 2119 3089 ar-

1073 3128 1336 3190 gumenti
1371 3114 1460 3173 sui
1505 3136 1672 3174 cause
1706 3156 1723 3173 .

1156 3218 1188 3255 α
1237 3201 1392 3256 Haec
1433 3212 1567 3255 sunt
1616 3200 1678 3256 in
1738 3198 1855 3257 alio
1900 3194 2116 3256 codicis

1070 3278 1216 3337 folio
1267 3324 1282 3337 .
1331 3284 1480 3339 Puto
1533 3295 1725 3340 tamen
1784 3282 1846 3338 in
1904 3280 2117 3355 prioris

1071 3363 1197 3419 folii
1231 3362 1346 3420 fine
1379 3364 1628 3423 extitisse
1661 3365 1891 3423 initium
1923 3370 1950 3433 <
1979 3361 2117 3422 licet

1073 3446 1442 3503 obscuratum
1507 3458 1530 3518 )
1602 3448 1767 3506 uerbi
1840 3466 2061 3505 omnem
2096 3488 2115 3515 ,

1067 3548 1278 3605 nempe
1335 3527 1589 3587 litteram
1636 3554 1673 3591 o
1725 3550 1855 3589 cum
1898 3529 2114 3587 lineola

1064 3612 1430 3689 superposita
1501 3634 1617 3690 pro
1669 3636 1723 3670 m
1790 3636 1843 3669 .·
1878 3611 2115 3687 Alioqui

1065 3694 1234 3752 aliud
1267 3694 1561 3771 integrum
1607 3696 1813 3755 solium
1856 3695 2120 3772 interpo-

1069 3777 1325 3835 nendum
1360 3794 1510 3839 esset
1535 3821 1556 3849 ,
1591 3780 1786 3838 indice
1817 3776 2059 3855 plenum
2097 3801 2114 3845 ς

1071 3860 1234 3939 quod
1259 3858 1402 3916 mihi
1423 3860 1772 3922 incredibile
1812 3874 1923 3930 est,
1946 3878 2120 3937 quum

1073 3958 1192 4001 tam
1229 3962 1448 4021 paucas
1487 3946 1564 4003 ad
1611 3947 1776 4006 Pium
1808 3943 2037 4002 litteras
2064 3941 2127 3999 in

1077 4022 1278 4086 coaice
1315 4024 1634 4087 inuenerint
1669 4071 1683 4084 .

1157 4111 1192 4169 3
1237 4110 1400 4168 Hanc
1425 4114 1751 4189 epistulam,
1794 4109 1897 4166 etsi
1934 4110 1993 4166 in
2028 4106 2125 4163 in·

1077 4192 1264 4251 dicem
1306 4194 1386 4251 ad
1421 4196 1587 4255 Pium
1619 4196 1861 4255 relatam
1894 4236 1915 4267 ,
1960 4192 2122 4250 idem

2195 2876 2389 2923 tamen
2414 2864 2593 2923 codex
2614 2864 2855 2923 mediol.
2894 2860 3139 2921 exhibet
3158 2880 3265 2919 re·

2200 2961 2290 3005 cte
2324 2948 2475 3029 inter
2508 2948 2789 3026 epistulas
2826 2946 2904 3003 ad
2940 2948 3041 3003 M·
3076 2948 3255 3003 Caes.

2198 3042 2227 3104 (
2259 3031 2411 3091 Vide
2446 3030 2550 3091 lib.
2590 3034 2635 3090 Ι.
2682 3034 2809 3103 6).

2283 3118 2317 3183 4
2362 3116 2485 3173 Hae
2512 3134 2743 3191 quoque
2774 3127 2890 3170 tres
2920 3122 3259 3187 postremae

2200 3195 2489 3273 epistulae
2515 3210 2639 3254 tum
2674 3196 2733 3253 in
2769 3197 2923 3253 libro
2958 3192 3039 3249 nd
3086 3194 3263 3251 Pium

2199 3280 2536 3337 scribuntur
2570 3292 2692 3338 tum
2728 3279 2967 3338 meliore
3004 3277 3141 3335 iure
3160 3297 3263 3332 re-

2198 3376 2480 3439 petuntur
2524 3362 2584 3419 in
2646 3364 2849 3422 codice
2916 3361 3069 3419 inter
3122 3360 3267 3417 illas

2201 3446 2441 3504 secundi
2482 3444 2622 3504 libri
2660 3449 2737 3506 ad
2776 3444 2989 3504 amieos
3028 3482 3045 3497 .
3090 3446 3269 3503 Con-

2200 3542 2289 3585 tra
2320 3530 2481 3587 deest
2515 3530 2576 3586 in
2619 3529 2815 3589 indice
2850 3526 3111 3607 epistula
3160 3533 3271 3587 Ra·-

2196 3632 2301 3689 ger·
2358 3618 2680 3674 Censorius
2738 3656 2757 3684 ,
2802 3631 2949 3690 quae
3016 3611 3271 3687 quide-

2200 3715 2315 3753 non
2351 3696 2475 3751 sine
2509 3714 2677 3753 causa
2712 3692 2969 3754 occurrit
3002 3692 3065 3749 in
3102 3694 3269 3753 libro

2202 3777 2276 3835 ad
2318 3778 2479 3835 Pium
2501 3792 2633 3834 ente
2652 3778 2817 3836 illam
2835 3782 3040 3837 carius
3062 3818 3078 3831 .
3106 3780 3272 3837 Haec
3367 3776 3379 3791 “

2204 3860 2414 3918 indicis
2460 3874 2758 3937 textusque
2794 3858 3093 3919 discordia
3152 3881 3273 3919 non

2207 3958 2323 4001 tam
2357 3942 2586 4002 librarii
2625 3944 2839 4002 men-do
2878 3984 2900 4013 ,
2946 3962 3127 4019 quam
3174 3965 3275 4001 ue·

2204 4040 2392 4084 terum
2462 4026 2887 4104 exemplarium
2946 4028 3269 4093 Frontoni}

2206 4110 2491 4195 ua'rietate
2518 4153 2539 4183 ,
2574 4110 2852 4169 accidisse
2886 4107 3167 4167 uidetur.
