3384 5134
1044 460 1196 536 316
1517 506 1528 521 ι
1824 483 1865 531 1³
1894 486 1939 534 ιι
1967 484 1993 530 1
2022 486 2067 532 u
2098 484 2137 532 o
2168 482 2193 529 1
2230 482 2269 531 ι»
2304 480 2332 530 1
2364 478 2449 531 Δ·

1037 580 1176 655 bus
1203 590 1222 627 ¹
1253 592 1328 649 ει.
1385 578 1719 675 Namque
1751 578 2017 652 inuidia
2070 601 2435 678 semper.
2414 567 2501 649 ¹³
2528 574 2991 677 persistere..
3022 570 3223 647 de-.

1037 698 1168 771 iu.
1205 698 1548 773 .docebit
1581 713 1703 773 ut.
1740 701 2049 801 Dempta
2080 700 2327 801 uisque
2378 688 2685 801 [extra]
2716 722 2931 797 posse
2966 690 3207 799 [quo]

918 866 934 888 1
1045 816 1170 890 bi.
1201 846 1386 891 ..an
1431 814 1877 921 ...[ecce]

627 1348 672 1437 †
735 1326 846 1439 Q-

561 1450 944 1543 xxxv³

1037 942 1230 1015 uisui
1287 998 1308 1014 .
1365 998 1384 1015 .
1443 942 1596 1015 Ubi
1637 945 1962 1043 primum
2020 970 2365 1041 magnum
2428 942 2695 1015 ducem
2756 938 3207 1041 res-publica

1041 1062 1437 1163 poposcit,
1503 1064 1845 1137 omnibus
1884 1066 2193 1164 arpinati
2230 1078 2648 1164 paupertate
2674 1117 2697 1156 7
2756 1064 3207 1133 autum-sina

1040 1182 1306 1255 duritia
1363 1183 1673 1256 ducibus
1712 1196 1745 1233 ²
1773 1182 2195 1258 bellicosior
2242 1186 2486 1257 extitit
2516 1237 2535 1251 .
2572 1238 2590 1252 .
2630 1234 2651 1250 .
2692 1233 2711 1250 .
2744 1178 3057 1251 Parthos
3098 1202 3213 1248 ro-

1047 1328 1266 1374 mano
1307 1303 1644 1401 sanguine
1705 1304 2022 1405 inpiatos
2058 1356 2079 1376 .
2136 1356 2157 1376 .
2216 1354 2237 1377 .
2272 1304 2534 1378 orbant
2570 1356 2591 1373 .
2628 1354 2649 1372 .
2686 1296 3117 1399 tranquillus
3146 1351 3163 1367 .
3186 1350 3207 1365 .

1049 1422 1461 1497 oratoribus
1486 1418 1529 1457 *
1567 1479 1586 1496 .
1645 1472 1662 1497 .
1722 1440 1937 1527 atque
1980 1483 2000 1500 .
2042 1478 2059 1498 .
2088 1426 2135 1522 †

1051 1540 1228 1617 olim
1285 1544 1632 1621 aduersus
1700 1548 2077 1621 Romanos
2136 1548 2495 1621 intentum
2556 1557 2632 1616 et
2683 1540 3087 1631 infestum,
3140 1550 3209 1609 et

1037 1664 1474 1740 instructum
1503 1664 1536 1729 4
1563 1724 1581 1739 .
1639 1668 1861 1743 Bellis
1893 1651 2371 1743 exercitatum
2412 1722 2453 1737 ..
2489 1664 2585 1738 ab
2628 1662 2911 1736 insidiis
2942 1660 3043 1733 ad
3070 1714 3091 1729 .
3131 1714 3149 1728 .
3184 1712 3203 1727 .

1039 1796 1280 1858 ratum
1307 1840 1326 1857 .
1359 1842 1380 1857 .
1411 1788 1506 1861 ad
1545 1814 1763 1862 omne
1801 1789 2079 1862 facinus
2109 1786 2523 1863 audendum
2561 1808 2903 1885 praeceps
2936 1778 3205 1878 ageba·

1041 1914 1160 1974 tur
1184 1957 1211 1997 ‚
1263 1906 1468 1981 nullo
1495 1909 1640 1983 iam
1681 1908 1946 1983 scelere
1972 1958 1997 2003 ‚
2052 1902 2254 2011 quod
2282 1904 2605 1981 atrocius
2638 1900 2931 1975 auderet
2953 1955 2979 1993 ‚
3036 1896 3206 1971 reli-

1037 2047 1186 2122 qno
1215 2074 1258 2097 α.
1291 2028 1485 2101 Τιιιιι
1524 2045 1887 2128 praeterea
1931 2087 1951 2102 .
1984 2080 2002 2101 .
2034 2053 2129 2103 no
2158 2026 2414 2101 datum
2450 2082 2469 2097 .
2510 2080 2530 2096 .
2572 2036 2767 2096 trato
2804 2018 3087 2094 bellum
3128 2074 3147 2087 .
3182 2070 3199 2087 .

1036 2144 1347 2221 randum
1375 2204 1394 2219 .
1438 2204 1456 2219 .
1495 2147 1612 2222 Ad
1675 2136 1826 2223 hoc
1864 2205 1881 2220 .
1928 2206 1947 2220 .
1975 2150 2049 2221 in
2113 2147 2391 2223 bellum
2443 2144 2823 2246 profectus
2878 2152 2995 2213 est
3030 2162 3207 2209 cum

1039 2267 1350 2362 cognitis
1411 2268 1767 2343 militibus
1800 2268 2091 2341 hostem
2125 2266 2469 2368 parthum
2518 2256 3155 2337 contemnentibus
3180 2310 3205 2345 ,

1039 2386 1709 2481 sagittarum-ictus
1742 2402 1919 2487 post
1956 2386 2265 2485 ingentia
2316 2384 2687 2456 Dacorum
2738 2377 3055 2469 falcibus
3094 2374 3207 2445 in·

1039 2499 1184 2577 lata
1239 2505 1535 2581 uolnera
1595 2506 2001 2607 despicatui
2071 2504 2500 2581 habentibus
2534 2496 2580 2537 *
2622 2552 2643 2573 .
2700 2499 2975 2575 Multos
3010 2493 3205 2569 mili-

1221 2736 1254 2765 *
1301 2732 1403 2799 M.
1455 2728 1907 2822 Panegyricus
1966 2731 2283 2824 Uologesi
2322 2760 2355 2798 c
2386 2723 2473 2796 5.

1225 2826 1258 2853 ⁴⁸
1307 2826 1410 2889 M.
1460 2822 1869 2889 Parthorum
1905 2826 2171 2914 sagittas
2228 2820 2557 2887 militibus
2594 2820 2831 2886 nostris
2902 2834 3057 2907 post
3092 2812 3203 2881 in·-

1055 3040 2711 3124 atninordinhatirnmagimpmemuibmzmaderi.
2780 3036 3197 3093 brnen-‹123-

1037 3106 1358 3181 nempainag
1302 3124 1658 3163 naesuntuer
1637 3128 1900 3170 rsusxvt,
1937 3130 2039 3179 quo
2042 3130 2150 3161 rum
2184 3130 2342 3179 pauca
2370 3114 2517 3164 uerba
2548 3112 2823 3183 legunto-r
2896 3114 3045 3163 clt-
3090 3114 3193 3166 heic

1039 3184 1148 3234 co.d
1189 3186 1344 3235 rectia
1407 3186 1480 3233 sin
1481 3183 1747 3251 ei.d15hth
1787 3178 2216 3234 Accontmidem
2254 3184 2369 3235 cod.
2394 3202 2447 3253 p.
2493 3198 2605 3250 ²79·
2630 3185 2716 3233 Est
2732 3128 3195 3235 ..catenum-haec

1039 3256 1220 3307 nan-ieta
1222 3274 1245 3306 ι
1283 3272 1332 3306 et
1371 3252 1432 3303 lis

1125 3366 1396 3425 rlnnuit
1454 3362 1885 3427 criminationes
1955 3363 2071 3426 ad-
2216 3370 2415 3438 ‘Nem
2460 3362 3083 3463 ebellumVologesus
3104 3384 3197 3445 pa-

1035 3470 1236 3507 uersus
1263 3446 1518 3508 Verum
1502 3472 1561 3509 ιιι
1581 3448 1746 3547 Syria
1776 3442 2074 3511 luxutian
2154 3464 2343 3511 ratum
2358 3474 2423 3511 su
2476 3454 2599 3524 Pio,
2622 3444 2871 3509 Marciet
2886 3448 3037 3508 Veri
3060 3466 3137 3509 teu
3140 3475 3195 3509 ιι-

1033 3546 1151 3591 tem
1170 3534 1444 3603 iactatas
1480 3554 1620 3611 quas
1641 3528 1806 3592 insen
1778 3556 1879 3593 tus
1899 3536 2073 3594 etiam
2154 3530 2557 3615 poreindixit.
2580 3530 2837 3613 Capitol.
2878 3528 3041 3591 inu.
3056 3560 3191 3597 vm.

1031 3636 1300 3675 excusare
1334 3612 1543 3676 nititur
1570 3620 1820 3675 Fronto.
2236 3617 2274 3677 5
2310 3621 2491 3677 Recte
2518 3622 2738 3677 Fronto
2762 3617 3049 3693 Vologesi
3086 3618 3197 3677 uit

1117 3720 1149 3757 2
1196 3698 1471 3777 Intellige
1526 3696 1771 3759 Marium
1806 3712 1864 3757 et
1914 3700 2073 3757 Ves-
2152 3708 2334 3759 tutem
2372 3696 2643 3761 bellicam
2678 3694 2986 3767 laudauit,
3008 3714 3075 3758 ut
3110 3704 3199 3760 in-

1029 3782 1334 3859 pausianum
1361 3784 1428 3837 N.
1451 3782 1668 3840 Marius
1698 3780 1915 3841 dicitur
1932 3784 2069 3841 hir-
2150 3780 2224 3841 de
2242 3784 2484 3860 gloriam
2518 3778 2755 3843 uictoris
2784 3743 3191 3861 exsculperet.

1029 3876 1130 3922 tus
1165 3886 1196 3920 a
1235 3862 1536 3923 Paterculo
1561 3868 1641 3923 ll.
1681 3888 1768 3925 ιι.
1804 3868 1889 3923 De
1912 3865 2069 3943 arpi-
2148 3862 2365 3924 Contra
2414 3868 2631 3926 fecerat
2678 3862 2915 3961 ineptus
2952 3868 3194 3943 quidam

1032 3960 1167 4004 nate
1185 3942 1494 4005 seueritate
1511 3947 1632 4005 Cic.
1658 3948 1867 4024 deleg.
1898 3950 1944 4007 l.
1976 3970 2022 4005 ι.
2148 3948 2457 4009 historicus
2494 3950 2655 4029 apud
2695 3942 3021 4007 Lucianum
3062 3974 3191 4027 cap.

1117 4032 1154 4089 3
1201 4030 1288 4087 lta
1323 4030 1458 4107 lego
1496 4030 1556 4086 in
1597 4030 1831 4090 schedis
1883 4030 2065 4101 meis,
2150 4052 2321 4090 xum.
2343 4026 2699 4111 vologesum
2718 4030 2877 4089 hunc
2894 4046 3073 4089 uocat
3092 4038 3195 4092 Pe·

1033 4100 1306 4167 Ceterum
1341 4133 1396 4169 ιι.
1421 4135 1467 4169 c.
1489 4116 1693 4171 Petrus
1718 4113 2069 4172 Mazzuchel-
2152 4136 2341 4173 rozem
2366 4116 2593 4173 Samuel
2630 4116 2879 4172 aniensis
2914 4114 2975 4171 in
3018 4116 3193 4175 chro-

1032 4190 1126 4248 lus
1157 4192 1364 4251 scribit
1396 4196 1473 4252 ad
1493 4216 1582 4251 me
1603 4190 1795 4253 uideri
1817 4192 1967 4266 sibi,
1988 4210 2073 4255 et·-
2154 4196 2325 4269 nico,
2360 4199 2435 4256 de
2480 4220 2549 4256 ue
2582 4199 2787 4257 eodem
2820 4200 2897 4255 ad
2948 4219 3041 4255 sn.
3076 4200 3187 4257 (.h.

1031 4274 1082 4333 si
1119 4273 1492 4349 dubitanter,
1534 4277 1732 4357 legere
1768 4282 1979 4343 x'xxvt.
2150 4292 2273 4342 ctu
2308 4220 2569 4343 notssile
2600 4282 2717 4342 hoc
2736 4276 2979 4343 sci-ibin
3003 4290 3195 4346 Pero*
