3384 5134
1098 434 1239 531 144
1549 458 1643 509 An
1700 456 2147 508 Aurommm
2218 455 2760 509 mann-ronna

1099 554 1400 657 coepisti
1423 580 1706 629 rursum
1722 551 1903 627 uelle
1928 568 1989 649 ³,
2015 551 2197 625 nihil
2224 552 2432 627 offuit
2456 552 2817 626 interdum
2842 550 3149 627 noluisse
3174 563 3199 599 ¹
3218 608 3238 621 .

1095 677 1287 753 Fieri
1335 676 1552 749 etiam
1585 702 1725 749 uos
1768 672 2036 749 cotidie
2076 672 2528 747 facundiores
2556 667 2593 724 b
2618 674 2828 747 uideo
2878 688 2951 747 et
2994 671 3245 747 exulto

1095 798 1300 902 quasi
1327 796 1561 872 adhuc
1601 797 1980 897 magister.
2017 796 2211 871 Nam
2244 822 2473 896 quom
2506 798 2743 870 omnis
2775 798 3078 869 uirtute«
3106 820 3243 865 uc-

1100 932 1280 993 stras
1301 915 1592 1015 diligam
1607 930 1679 989 et
1698 916 2126 1019 amplectar,
2136 916 2363 994 fateor
2384 929 2622 989 tamen
2634 914 3105 1016 praecipuum
3124 934 3243 983 me

1097 1056 1170 1113 et
1195 1040 1574 1143 proprium
1601 1038 1941 1137 gaudium
1980 1065 2071 1111 ex
2092 1037 2495 1139 eloquentia
2528 1052 2757 1110 uestra
2784 1060 3043 1135 capere
3064 1089 3081 1103 .
3113 1031 3249 1103 Iti-

1093 1153 1394 1231 dem*ut
1405 1172 1733 1259 parentes
1748 1157 2009 1229 cumin
2030 1155 2235 1229 uoltu
2252 1154 2561 1228 liberum
2576 1158 2722 1231 oris
2744 1154 2853 1227 sui
2866 1134 3247 1225 liniamen-

1095 1290 1172 1351 ta
1193 1278 1715 1372 dinoscunt,ita
1746 1303 1877 1375 ego
1902 1300 2075 1350 cnm
2100 1277 2175 1349 in
2200 1276 2645 1355 orationibus
2666 1275 2915 1349 uestris
2949 1270 3246 1366 uestigia

1095 1412 1378 1473 nostrae
1441 1415 1674 1473 sectae
1705 1412 1737 1449 ²
1788 1398 2284 1475 animaduerto
2312 1453 2337 1494 ,
2384 1406 2625 1489 φίμθε
2658 1400 2947 1493 δ’ἑφρίναι
2974 1398 3153 1468 And
3172 1385 3245 1486 ’ὗς

1103 1520 1286 1595 meis
1317 1520 1510 1595 enim
1543 1519 1781 1594 uerbis
1804 1520 2207 1621 exprimere
2231 1521 2385 1595 uim
2402 1516 2650 1616 ‘gaudii
2680 1527 2713 1563 ⁰
2734 1514 2879 1585 mei
2908 1538 3184 1614 nequeo
3224 1566 3243 1583 .

1098 1640 1251 1713 Nec
1299 1655 1367 1713 te
1421 1639 1837 1715 recordatio
1886 1640 2022 1713 ista
2070 1655 2314 1739 urgeat
2352 1694 2375 1734 ‚
2426 1657 2561 1710 nec
2604 1634 2903 1710 omnino
2958 1646 3175 1731 angat
3214 1686 3241 1729 ‚

1095 1758 1298 1863 quod
1325 1760 1457 1833 tibi
1485 1760 1823 1833 conscius
1844 1782 1918 1833 es
1950 1786 2095 1833 non
2122 1772 2544 1861 perpetuam
2578 1780 2874 1857 operam
2902 1751 3247 1853 eloquen-

1097 1879 1238 1952 tiae
1275 1878 1554 1957 dedisse
1591 1938 1610 1955 .
1666 1882 1860 1956 Nam
1896 1882 1999 1954 ita
2040 1908 2149 1954 res
2180 1880 2397 1954 habet
2430 1914 2452 1952 ε
2492 1880 2615 1981 qui
2658 1902 2919 1974 magno
2946 1875 3243 1971 *ingenio

1091 2000 1460 2099 praeditus
1514 2016 1706 2077 recta
1761 2003 1882 2075 uia
1918 2000 2013 2073 ad
2056 1999 2537 2101 eloquentiam
2570 2028 2613 2073 a
2648 1991 2688 2049 d
2720 1996 3079 2099 principio
3120 1996 3241 2069 in·-

1095 2116 1359 2193 ductus
1407 2120 1638 2221 adque
1671 2120 2039 2196 institutus
2066 2120 2277 2195 fuerit
2308 2176 2333 2215 ‚
2362 2121 2647 2195 tametsi
2676 2116 3037 2193 interdum
3064 2142 3245 2193 con-

1096 2240 1391 2313 cessarit
1427 2254 1550 2313 aut
1584 2242 1923 2315 restiterit
1946 2295 1970 2337 .,
2032 2240 2159 2314 ubi
2192 2242 2517 2341 primum
2550 2237 2927 2339 progredei
2948 2248 2980 2285 θ
3004 2236 3245 2309 denuo

1093 2368 1168 2429 et
1188 2385 1475 2458 pergere
1505 2362 1747 2435 uisum
1772 2364 1907 2435 erit
1924 2418 1945 2457 ‚
1972 2340 2318 2461 coepturi:
2344 2357 2525 2435 illud
2546 2360 2682 2433 iter
2702 2358 3098 2433 confecerit
3124 2384 3243 2430 se-

1095 2476 1240 2553 tius
1275 2470 1304 2528 s
1329 2480 1625 2553 fortasse
1655 2480 1900 2581 aliquo
1937 2537 1960 2577 .‚
2006 2480 2246 2553 minus
2270 2494 2509 2553 tamen
2546 2475 2769 2552 nihilo
2800 2532 2818 2548 .
2852 2476 3083 2551 Crede
3118 2502 3247 2547 au-

1279 2702 1311 2732 *
1339 2702 1459 2786 ‚M.
1511 2704 1752 2769 Itidem
1796 2720 1875 2769 ut
1909 2720 2211 2795 parentes
2254 2726 2413 2770 cum
2448 2708 2513 2772 in
2553 2680 2747 2770 uoltu
2792 2703 3085 2771 liberum
3110 2708 3247 2773 oris

1098 2790 1198 2853 sui
1234 2787 1617 2857 liniamenta
1654 2796 2008 2861 dinoscunt
2030 2842 2049 2875 ,
2098 2804 2189 2860 ita
2226 2811 2293 2860 et
2338 2788 2645 2890 magister
2668 2819 2845 2862 cum
2884 2798 2954 2861 in
2990 2798 3247 2865 oratio-

1095 2899 1179 2945 ne
1217 2878 1536 2972 discipuli
1573 2888 1849 2978 uestigia
1894 2886 2237 2954 facundiae
2286 2912 2439 2954 suae
2497 2888 2963 2954 animaduertit
3002 2938 3019 2955 .

1163 3112 1200 3145 a
1235 3093 1296 3143 In
1328 3092 1438 3145 eod.
1471 3096 1839 3167 interpungitnr
1887 3112 1999 3151 ante
2032 3096 2189 3149 uelle.
2260 3100 2291 3151 b
2327 3102 2401 3152 Iu
2444 3116 2491 3151 a.
2542 3118 2608 3153 m.
2649 3100 2733 3151 ted
2783 3115 2827 3151 1.
2858 3094 3243 3170 foecundior-eis.

1093 3186 1124 3217 c
1159 3166 1324 3215 Alter·
1353 3165 1373 3213 ἱ
1433 3164 1630 3216 uidetur
1664 3168 1974 3233 superaddita
2005 3208 2018 3221 .
2086 3171 2123 3221 d
2156 3170 2279 3223 Cod.
2326 3184 2415 3222 at.
2484 3186 2512 3219 e
2546 3170 2745 3222 Deletnt
2778 3171 2925 3221 aloen
2972 3188 3033 3223 e.
3094 3170 3145 3244 f
3166 3180 3189 3224 Ι
3198 3196 3247 3227 tn

1097 3236 1207 3288 cod.
1243 3251 1344 3283 non
1391 3236 1548 3287 serius
1572 3276 1583 3288 .
1625 3238 1834 3289 Videtur
1868 3258 1981 3290 une
2012 3238 2193 3291 Fronto
2230 3242 2405 3292 imitari
2444 3240 2669 3293 Plautum
2714 3238 2822 3307 (ut
2852 3260 2999 3308 cupra
3034 3242 3089 3291 in
3116 3264 3247 3296 uei-

1091 3310 1160 3379 lvo
1197 3310 1511 3379 concessare)
1529 3308 1779 3384 menae-clu
1816 3311 1880 3361 V.
1914 3330 1961 3376 7.
1992 3314 2071 3375 57.
2107 3310 2195 3361 ubi
2230 3314 2425 3365 codice·
2452 3316 2549 3363 mei
2582 3312 2766 3365 habent
2786 3314 2935 3363 setius
2972 3328 3023 3363 et
3041 3318 3209 3367 secius
3235 3356 3251 3378 ,

1091 3396 1189 3429 non
1248 3378 1423 3429 sectius
1444 3414 1457 3437 ‚
1503 3382 1644 3429 cuius
1698 3396 1968 3447 postremae
2009 3385 2276 3449 scripturae
2334 3381 2512 3433 frustra
2547 3384 2748 3434 fort-soe
2790 3388 3025 3434 rationem
3094 3386 3253 3441 habet

1090 3446 1392 3503 Forceuinun
1409 3486 1422 3502 .
1442 3448 1625 3503 Confer
1657 3467 1821 3503 autem
1838 3450 1961 3504 Gen.
1991 3452 2179 3505 xvlu.
2216 3472 2264 3520 9,
2292 3454 2377 3513 ubi
2414 3456 2533 3505 item
2572 3454 2729 3525 legere
2748 3455 2913 3525 naa-lun
2936 3456 3089 3507 saint
3110 3494 3127 3510 .

1177 3622 1200 3658 1
1249 3600 1485 3661 Plenius
1548 3604 1693 3666 haec
1728 3606 1997 3666 dicentur
2028 3606 2125 3664 in·-
2202 3608 2426 3670 scilicet
2460 3628 2489 3665 a
2534 3605 2897 3687 grauioribus
2940 3573 3097 3667 curis
3128 3612 3257 3671 im·-

1083 3680 1263 3740 feriua
1295 3684 1354 3739 in
1374 3688 1638 3762 epistulis
1675 3692 1751 3749 de
1780 3690 1977 3749 studio
1996 3690 2127 3750 elo·
2202 3694 2511 3774 pediretm·
2542 3732 2557 3747 .

1083 3766 1352 3842 quentiae
1371 3782 1428 3825 et
1447 3770 1521 3827 de
1553 3772 1938 3831 orationibus.
1962 3777 2125 3831 Mar·
2284 3797 2318 3835 2
2363 3778 2451 3833 De
2482 3776 2595 3836 hac
2626 3772 2817 3833 recole
2850 3775 3245 3853 testimonium
3358 3844 3360 3849 ,

1089 3868 1190 3907 cus
1207 3850 1331 3925 ipse
1353 3851 1428 3907 de
1459 3854 1630 3911 rebus
1647 3857 1765 3913 suis
1796 3858 1843 3913 1.
1892 3877 1959 3935 ¹7
1986 3876 2125 3932 gra·
2204 3858 2485 3918 Macrobii
2522 3902 2536 3916 .

1087 3932 1196 3989 tias
1229 3932 1349 4008 agit
1384 3932 1495 3991 diis
1537 3978 1555 4005 ,
1589 3940 1747 4015 quod
1782 3940 1840 3995 in
1875 3938 2121 3997 rhetori-
2284 3952 2320 4011 3
2365 3952 2574 4029 0dyss.
2612 3943 2850 4029 4106.
2874 3952 2963 4007 De
2992 3948 3115 4013 hoc
3138 3974 3245 4013 ιιι-

1089 4014 1172 4070 cis
1203 4016 1557 4095 poeticisque
1573 4022 1779 4078 studiis
1810 4018 1971 4116 liaud
2004 4042 2123 4079 am-
2204 4046 2321 4093 tem
2355 4034 2515 4095 dicto
2534 4032 2742 4113 legesis
2774 4032 3037 4094 Gellium
3058 4058 3143 4097 ix.
3178 4056 3233 4115 9.

1089 4097 1306 4181 pliores
1337 4118 1675 4189 progressus
1740 4106 2001 4176 fecisset,
2046 4124 2119 4163 ne

1065 4293 1096 4329 X
