3384 5134
990 469 1391 535 -Lrnnn
1479 472 1574 521 11*
2212 448 2381 526 305

203 564 356 637 mis
390 560 676 635 onusti.
725 561 966 637 Nemo
1013 588 1320 639 cannam
1371 580 1446 641 et
1478 564 1959 642 harundinem
1984 621 2007 662 ‚
2048 570 2387 669 quamuis

207 709 605 786 proceram
638 738 666 777 ‚
725 683 1034 773 felicem
1056 687 1319 761 dixerit
1353 744 1372 761 .
1417 690 1829 790 Aequiusne
1863 706 1969 765 est
2000 689 2386 765 arboribus

197 806 476 882 honori
527 807 762 907 adque
799 805 1062 881 tutelae
1097 834 1326 909 poma
1371 823 1448 882 et
1477 809 1699 884 bacas
1750 836 1901 885 esse
1926 866 1947 905 ‚
1984 836 2227 911 quam·
2250 811 2388 885 ho·-

195 925 526 1000 minibus
561 924 826 1000 liberos
895 941 1333 1029 nepotesque
1359 920 1404 1001 ἶ)
1449 942 1482 977 ²
1541 928 1829 1003 Globus
1886 930 2217 1029 equitum
2252 955 2377 1003 ro-

201 1073 600 1123 manorum
625 1102 650 1143 ,
705 1076 874 1149 pars
911 1051 1152 1123 curiae
1182 1050 1256 1123 in
1287 1077 1430 1123 uno
1462 1048 1759 1127 homine
1824 1049 2339 1131 dehonestatur
2358 1105 2381 1121 .

201 1170 399 1243 Raro
438 1197 789 1271 umquam
847 1184 960 1245 tot
1015 1170 1232 1245 simul
1289 1172 1526 1271 capita
1567 1169 1658 1244 de
1690 1170 1890 1244 caelo
1924 1186 2119 1246 tacta
2152 1185 2319 1243 sunt
2353 1226 2381 1265 .,

203 1303 394 1389 quot
431 1302 511 1361 tu
559 1288 1058 1387 condemnasti
1087 1344 1106 1359 .
1143 1346 1160 1360 .
1203 1288 1334 1363 Ille
1373 1289 1498 1391 qui
1536 1316 1686 1363 esse
1723 1315 1945 1389 quam
1975 1288 2218 1366 uideri
2246 1274 2386 1363 ho·-

197 1436 342 1481 nus
363 1407 628 1483 maluit
650 1464 672 1503 ‚
704 1410 1010 1506 fortunis
1037 1435 1298 1509 parum
1312 1410 1681 1510 prosperis
1707 1436 1875 1489 usus
1896 1422 2073 1483 est..
2100 1409 2383 1493 Uerum

193 1542 360 1625 est,
415 1526 674 1623 illum,
730 1529 856 1629 qui
910 1528 1332 1628 opinionem
1365 1528 1654 1602 uirtutis
1708 1527 2024 1627 neglegat
2064 1583 2087 1622 .,
2138 1529 2377 1627 ipsam

197 1676 491 1751 quoque
533 1648 914 1747 neglegere·
937 1650 1285 1721 uirtutem
1316 1660 1336 1697 ¹
1368 1681 1386 1717 ε
1441 1674 1672 1749 neque
1706 1648 2091 1749 quisquam
2116 1647 2377 1721 -bonas

191 1786 384 1845 artes
404 1795 665 1867 magno
695 1796 912 1870 opere
935 1768 1175 1843 studet
1205 1769 1559 1869 adipisci,
1587 1796 1763 1869 quas
1798 1768 2105 1869 adeptus
2140 1791 2369 1841 necne

199 1892 346 1985 sit,
407 1916 554 1963 non
591 1888 834 1962 studet
865 1889 1052 1977 scire
1083 1944 1102 1959 .
1135 1943 1156 1959 .
1190 1880 1232 1923 *
1258 1889 1347 1962 de
1391 1888 1736 1965 sententia
1773 1944 1792 1960 .
1830 1944 1849 1960 .
1894 1884 2264 1963 cumulare
2299 1940 2320 1956 .
2348 1940 2372 1957 .

195 2010 508 2085 uerbum
545 2008 745 2111 quod
783 2012 857 2083 in
879 2012 1221 2086 sententia
1256 2067 1273 2082 .
1305 2066 1324 2081 .
1362 2010 1554 2085 curia
1593 2067 1610 2083 .
1639 2066 1658 2082 .
1693 2036 1833 2109 qur
1864 2067 1881 2084 .
1911 2066 1929 2081 .
1964 2010 2197 2083 miror-
2226 2062 2245 2079 .
2286 2063 2307 2079 .
2345 2062 2369 2079 .

199 2132 570 2233 principio
597 2187 642 2204 ..
675 2132 784 2205 sin
819 2134 1201 2234 repudium
1227 2131 1421 2225 dare,
1447 2144 1520 2205 et
1545 2133 1790 2205 Gneus
1818 2130 2061 2205 orbari
2085 2126 2363 2230 possit,

193 2249 278 2324 id
310 2250 568 2327 dubito
604 2308 626 2324 .
667 2254 1003 2353 Namque
1031 2253 1112 2326 id
1147 2309 1171 2347 ‚
1233 2252 1434 2353 quod
1480 2250 1775 2349 longum
1818 2250 1914 2323 sit
1940 2306 1963 2343 ‚
2007 2273 2221 2351 posse
2252 2246 2364 2318 in-

194 2370 484 2445 terdum
522 2372 674 2447 fieri
717 2370 1050 2471 longius,
1097 2371 1325 2447 altum
1379 2368 1591 2445 altius
1627 2425 1652 2465 .,
1708 2392 2183 2445 numerosum
2228 2392 2366 2452 nu-

188 2492 546 2567 merosius
581 2525 604 2565 =
659 2492 838 2567 haec
893 2508 966 2567 et
1026 2492 1386 2567 eiusmodi
1433 2490 1653 2565 uerba
1700 2490 1913 2566 uideo
1967 2488 2353 2581 admittere

191 2608 492 2713 aliquod
532 2613 832 2713 augendi
875 2612 1369 2689 laxamentum
1409 2605 1489 2681 *z
1523 2608 1741 2713 pleno
1786 2626 2025 2684 autem
2072 2605 2357 2709 plenius

185 2730 369 2803 nihil
403 2734 554 2807 fieri
610 2759 825 2834 posse
853 2790 872 2807 .
935 2733 1126 2806 Nam
1161 2745 1234 2805 et
1279 2727 1634 2831 poculum
1674 2730 2013 2832 profecto
2074 2727 2137 2801 si
2187 2722 2353 2825 ple-.-

184 2876 368 2927 num
399 2856 494 2929 sit
547 2912 572 2951 .,
627 2856 855 2954 magis
899 2852 1231 2955 conpleri
1294 2853 1559 2927 frustra
1611 2854 1938 2955 postules
1979 2908 2005 2948 ‚
2072 2850 2211 2945 nisi
2252 2848 2357 2923 ef-

381 3083 413 3111 *
459 3080 561 3155 M.
612 3074 946 3143 Donioum
983 3094 1108 3161 pro
1156 3072 1474 3137 donecb.

378 3172 412 3203 ⁴²
459 3170 562 3235 M.
610 3168 779 3235 Sunt
817 3188 1024 3229 uerna
1065 3190 1097 3225 c
1095 3160 1438 3272 pleraque
1475 3184 1642 3251 quae
1680 3162 2039 3229 admittunt
2072 3160 2351 3256 aliquod

197 3261 486 3357 augendi
519 3258 965 3329 laxamentum
1019 3272 1147 3322 etc.
1193 3272 1267 3321 uc
1299 3259 1374 3319 in
1408 3270 1647 3320 textu.

255 3510 294 3543 a
314 3490 568 3562 Aliquod,
603 3505 660 3543 nt
683 3506 842 3558 puto,
863 3490 1075 3540 uerbum
1105 3486 1440 3540 oblitteratum
1475 3484 1583 3537 heic
1613 3478 1739 3541 fuit,
1776 3497 1831 3533 ut
1868 3483 2020 3550 spatia
2054 3480 2345 3541 schedarum

181 3569 272 3617 inu
239 3580 449 3614 n·uunt
489 3565 758 3631 Sequente·
812 3576 978 3613 tutem
1018 3576 1068 3611 et
1099 3551 1440 3624 praecedentes
1478 3553 1743 3607 tententiae
1780 3555 2088 3624 pleraeque’
2075 3574 2127 3604 m
2162 3558 2347 3624 murgi-

181 3656 248 3687 ne
283 3649 504 3687 seruatae
543 3636 914 3687 nunt.'1'umen
953 3632 1083 3685 inter
1117 3648 1168 3680 se
1201 3628 1354 3679 ferme
1390 3626 1691 3679 cohaerent
1761 3627 1791 3681 b
1826 3628 1937 3677 Hoc
1978 3624 2347 3685 demonstratum

159 3708 263 3757 hi·
285 3707 473 3759 lacuni-
498 3704 650 3757 fui-se
691 3706 900 3757 uerbum
939 3703 1209 3755 donicum.
1276 3716 1306 3749 c
1343 3700 1420 3751 Ita
1449 3698 1558 3749 cod.

291 3912 314 3949 1
363 3892 654 3949 Consonat
687 3889 818 3953 fei-e
853 3884 1254 3947 Cassiodorius
1293 3902 1417 3941 uar.
1460 3902 1606 3943 vm.
1649 3882 1750 3942 31.

203 4130 212 4163 '-
293 4112 475 4195 Vol.
519 4112 640 4191 ΙΙ.
1680 4122 1781 4176 ao
1816 4126 1823 4133 ·
