3384 5134
1012 490 1058 539 ι,
1085 490 1112 539 1
1141 490 1175 539 ι
1201 488 1244 537 e
1267 490 1314 539 ιι
1395 490 1422 537 1
2184 456 2327 549 15'5

163 618 328 693 gere
361 644 388 687 3
453 614 678 691 quam
736 582 1072 660 adultum
1123 616 1149 681 3
1205 610 1610 662 suscensere
1671 587 1895 663 etiam
1961 590 2331 692 pubertati

159 715 388 791 stulta
421 712 670 787 nutrix
693 708 879 783 solet
905 764 928 804 3
969 725 1280 810 puerum
1320 709 1410 783 de
1449 709 1723 807 gremio
1754 711 1896 784 sibi
1930 712 2333 789 abductum

156 853 234 913 et
287 858 562 935 campo
599 846 726 905 aut
773 830 938 905 foro
989 830 1341 905 traditum
1375 884 1394 902 .
1443 830 1911 905 Litteratores
1944 833 2165 909 etiam
2212 836 2337 909 isti

157 952 574 1057 discipulos
595 977 786 1027 -suos
819 1006 842 1046 3
877 948 1124 1051 quoad
1154 950 1458 1050 puerilia
1485 948 1783 1024 discunt
1804 966 1879 1025 et
1916 955 2341 1031 mercedem

151 1077 486 1180 pendunt
513 1130 536 1171 3
577 1075 808 1171 magis
848 1070 1154 1170 diligunt
1184 1129 1201 1143 .
1237 1074 1398 1170 Ego
1434 1070 1636 1174 quod
1675 1085 1708 1121 ⁸¹
1746 1071 1840 1146 ad
1875 1100 2125 1150 curam
2162 1076 2329 1151 cul-

159 1214 472 1300 tumque
523 1193 828 1294 ingeniei
861 1195 1006 1267 tuei
1043 1186 1082 1243 Ι)
1119 1195 1390 1269 accessi
1419 1249 1442 1287 3
1487 1194 1683 1267 hunc
1739 1209 1809 1267 te
1853 1198 2135 1296 speraui
2174 1198 2337 1273 fore

153 1322 284 1423 qui
333 1343 525 1392 nunc
579 1344 654 1391 es
703 1348 728 1409 3
783 1318 858 1389 in
899 1314 1076 1387 haec
1135 1331 1252 1390 tua
1313 1328 1646 1417 tempora
1691 1342 2027 1391 amorem
2076 1343 2329 1420 meum

152 1438 436 1514 intendi
463 1496 482 1513 .
543 1435 866 1513 Lucebat
901 1430 1034 1509 *in
1067 1438 1372 1541 pueritia
1423 1451 1542 1511 tua
1599 1436 1830 1511 uirtus
1887 1437 2101 1512 insita
2128 1494 2151 1534 3
2216 1438 2329 1511 lu-

152 1560 368 1633 cebat
427 1560 651 1633 etiam
705 1558 932 1656 magis
987 1560 1064 1631 in
1103 1558 1586 1632 adulescentia
1617 1592 1638 1628 ε
1712 1557 1840 1631 sed
1881 1558 1979 1632 ita
2033 1574 2115 1633 ut
2156 1584 2329 1633 cum

151 1706 446 1755 serenus
507 1679 666 1755 dies
721 1678 1187 1754 inluculascit
1237 1680 1510 1755 lumine
1565 1678 1910 1753 incohato
1945 1690 1977 1727 ⁰
2014 1734 2033 1749 .
2105 1681 2321 1753 Nunc

149 1802 302 1875 iam
381 1802 612 1875 uirtus
685 1801 960 1899 integra
1040 1803 1220 1877 orbe
1288 1801 1676 1903 splendido
1747 1813 2000 1874 exorta
2072 1813 2181 1871 est
2248 1812 2331 1873 et

155 1923 382 1997 radiis
432 1921 894 1995 disseminata
943 1936 1054 1997 est
1089 1914 1132 1971 ἆ
1160 1956 1182 1994 2
1227 1936 1310 1996 tu·
1359 1948 1478 1995 me
1529 1921 1624 1995 ad
1681 1920 2059 2023 pristinam
2120 1918 2326 1992 illam

149 2067 568 2115 mensuram
635 2040 1056 2115 luciscentis
1119 2042 1393 2114 amoris
1457 2042 1560 2113 tui
1638 2066 1937 2116 reuocas
1981 2096 2007 2135 3
2073 2054 2147 2113 et
2201 2040 2324 2113 iu-

146 2162 278 2235 bes
319 2164 669 2237 matutina
712 2162 1028 2237 dilucula
1072 2163 1317 2237 lucere
1349 2163 1648 2237 meridie
1683 2158 1729 2198 *
1770 2219 1787 2234 .
1824 2161 2056 2258 Audi,
2103 2190 2321 2263 quae-

148 2309 266 2375 so3
307 2297 576 2383 quanto
613 2282 970 2383 ampliore
993 2312 1188 2361 nunc
1210 2286 1306 2360 sis
1337 2286 1606 2358 uirtute
1629 2340 1650 2379 3
1683 2308 1903 2384 quam
1938 2298 2137 2356 antea
2169 2282 2321 2357 sue-

148 2404 247 2477 ris
287 2434 310 2496 3
369 2430 518 2504 quo
552 2402 834 2477 facilius
887 2404 1140 2479 credas
1187 2418 1456 2506 quanto
1503 2404 1821 2505 amplius
1858 2403 2133 2477 amoris
2166 2428 2321 2477 me-

147 2527 410 2621 rearis,
473 2540 547 2600 et
583 2551 887 2627 poscere
934 2528 1218 2602 desinas
1259 2527 1679 2602 tantundem
1718 2583 1737 2598 .

357 2646 466 2720 Ut
505 2676 546 2720 a
604 2648 874 2746 pietate
931 2645 1366 2723 contendere
1421 2661 1490 2721 te
1545 2647 1839 2721 tibimet
1890 2645 2241 2746 incipiam
2280 2700 2311 2741 3

141 2766 488 2868 obsequia
547 2794 710 2865 erga
749 2782 1034 2869 patrem
1085 2784 1204 2842 tua
1258 2769 1558 2869 pristina
1587 2778 1608 2815 ¹
1646 2765 2245 2842 commemorabo
2284 2820 2311 2860 3

141 2913 365 2988 eaque
390 2916 562 2963 cum
592 2892 1084 2992 praesentibus
1108 2890 1365 2965 officiis
1394 2890 1871 2990 comparabo.
1901 2888 2083 2981 Quis
2102 2890 2311 2987 igno-

141 3024 260 3082 rat
291 3008 417 3084 ubi
456 3028 664 3113 pater
717 3027 878 3088 tuus
929 3014 1168 3088 minus
1219 3014 1488 3087 ualeret
1528 3066 1552 3107 3
1612 3025 1680 3084 te
1736 3011 1935 3094 iuxta
1982 3034 2153 3082 cum
2217 3033 2309 3082 eo

142 3152 388 3201 carere
449 3130 708 3206 balneo
748 3188 771 3229 3
830 3136 1000 3209 uino
1051 3160 1236 3237 aqua
1289 3134 1506 3207 etiam
1557 3144 1634 3203 et
1683 3101 1851 3204 cibo
1916 3140 2137 3202 temet
2186 3126 2313 3203 de-

331 3364 366 3394 *
411 3366 512 3433 M.
562 3370 1026 3462 Panygyricns
1061 3398 1099 3435 e
1140 3418 1156 3435 .

331 3458 364 3487 ⁴¹
411 3460 512 3527 M.
561 3464 674 3527 Tu
755 3484 862 3525 me
915 3461 1000 3528 ad
1065 3464 1306 3528 amoris
1372 3460 1767 3527 lucescentis
1836 3447 2311 3545 crepusculum

139 3570 474 3705 proupcas
511 3598 531 3633 3
582 3576 702 3645 ego
741 3570 805 3619 te
853 3554 940 3619 ad
985 3553 1334 3620 meridiem
1383 3552 1500 3619 ubi
1536 3549 1653 3618 ille
1698 3552 1956 3641 integro
1998 3546 2155 3613 orbe
2188 3569 2307 3611 ca-

171 3662 256 3705 or
289 3665 328 3705 a
361 3658 466 3707 tus
523 3662 621 3711 est
657 3694 678 3709 .

205 3878 248 3909 a
283 3860 359 3909 In
391 3856 502 3909 md.
539 3856 626 3907 sed
655 3856 916 3907 dicendum
953 3857 1150 3909 uidetur
1173 3872 1320 3923 quom
1341 3894 1355 3907 .
1426 3858 1456 3909 b
1491 3860 1690 3911 Deletnr
1725 3877 1753 3908 e
1808 3876 1855 3908 2.
1898 3876 2052 3909 manu
2076 3900 2089 3913 .
2162 3880 2191 3910 c
2228 3862 2304 3914 Ita

135 3932 254 3982 cod.
293 3933 346 3981 in
383 3930 583 3989 ordine3
614 3943 666 3977 nt
695 3928 752 3978 in
788 3930 1004 4001 margine
1032 3930 1264 3979 inchoato
1287 3968 1302 3981 .
1341 3932 1427 3981 Est
1469 3946 1633 3983 nutem
1673 3934 1809 3999 prior
1838 3930 1923 3982 illa
1954 3934 2189 3999 scripturn
2212 3954 2307 3983 an-

135 4006 325 4071 niqaion·
347 4038 360 4061 ,
391 4018 448 4052 nt
477 4000 580 4051 dixi
617 3999 676 4049 nd
695 4001 798 4051 Cic.
839 4000 902 4050 de
939 4018 1044 4068 rep.
1074 4002 1118 4051 1.
1161 4002 1244 4055 35.
1275 4001 1372 4054 111.
1411 4014 1460 4053 2.
1529 4001 1566 4051 d
1601 4003 1680 4055 Ita
1719 4006 1773 4055 in
1805 4003 1915 4054 cod.
1938 4006 2175 4071 repetitur
2196 4020 2303 4057 esc.

131 4072 182 4125 ι’
201 4078 282 4127 In
317 4074 548 4125 oet-ibitur
585 4072 640 4121 in
671 4070 788 4123 cod.

133 4188 477 4331 LxrxfegeS
498 4184 574 4243 de
606 4180 701 4242 his
735 4182 1136 4263 Capitolinum
1178 4208 1306 4269 cap.
1359 4186 1436 4254 V.
1469 4188 1668 4263 V13el
1714 4154 2023 4270 praeterea.
2054 4184 2305 4255 Dionen
