3384 5134
872 523 921 573 ι
952 523 977 572 ι
1010 524 1047 573 n
1070 526 1113 574 r.
1138 526 1183 573 a
1228 538 1249 563 α
1272 524 1407 573 ιιιι
2127 499 2227 601 93

104 616 537 699 subsemiunt
564 618 701 695 sub
736 620 984 719 iugum
1014 616 1351 693 subactae
1385 613 1427 653 *
1460 628 1483 665 ¹
1517 672 1538 689 .
1592 616 1774 691 Mihi
1829 632 1903 691 et
1932 618 2232 697 hodier-

104 764 213 817 nus
234 743 383 819 dies
418 768 642 816 uerno
671 741 789 815 die
816 742 1095 840 longior
1119 797 1143 837 ‚
1178 754 1255 817 et
1276 768 1427 815 nox
1456 740 1744 815 ueniens
1777 742 2070 817 hiberna
2100 770 2278 817 no-.

108 875 203 935 cte
230 863 589 965 prolixior
614 862 900 935 uidetur
928 877 1141 963 atque
1172 859 1537 935 uidebitur
1564 917 1583 932 .
1640 862 1834 935 Nam
1873 887 2044 935 cum
2075 888 2238 935 ma·

106 984 291 1059 ximo
334 1010 553 1085 opere
596 985 1042 1057 Frontonem
1075 1008 1319 1057 meum
1350 981 1801 1057 consalutare
1835 1038 1860 1078 .,
1917 996 2073 1055 tum
2113 982 2245 1055 ha·-

104 1125 250 1175 rum
290 1103 691 1175 recentium
748 1100 1149 1175 litterarum
1202 1102 1637 1201 scriptorem
1688 1102 2072 1203 praecipue
2113 1126 2244 1175 cu-

102 1219 217 1317 pio
280 1219 647 1323 conplecti
709 1278 728 1294 .
801 1223 996 1327 Haec
1076 1222 1346 1296 cursim
1398 1222 1491 1295 ad
1560 1237 1629 1297 te
1693 1224 1953 1326 scripsi
1988 1242 2018 1320 .,·
2073 1224 2242 1325 quia

110 1342 487 1417 Maecianus
512 1355 545 1396 ²
570 1344 866 1442 urgebat
892 1401 915 1440 ‚
976 1360 1049 1419 et
1095 1346 1389 1419 fratrem
1422 1361 1623 1419 tuum
1670 1345 2017 1419 maturius
2057 1343 2150 1417 ad
2174 1354 2242 1419 te

106 1463 340 1535 reuerti
404 1492 657 1539 aecum
712 1482 865 1540 erat
890 1522 907 1539 .
965 1468 1247 1559 Quaeso
1288 1466 1505 1565 igitur
1530 1523 1553 1563 .‚
1612 1467 1876 1567 siquod
1929 1464 2230 1541 uerbum

107 1580 459 1660 absurdius
488 1642 513 1682 ,
549 1602 671 1661 aut
706 1586 1183 1662 inconsultior
1216 1614 1461 1663 sensus
1490 1644 1515 1681 ‚
1570 1602 1695 1662 aut
1728 1587 2084 1661 infirmior
2115 1584 2240 1659 lit-

110 1712 239 1774 tera
268 1696 303 1755 3
334 1705 505 1778 istic
566 1705 707 1779 erit
734 1760 757 1801 ,
812 1706 895 1779 id
949 1709 1267 1808 tempori
1296 1708 1623 1809 adponas
1660 1742 1679 1779 ε
1731 1736 1902 1781 nam
1933 1731 2108 1781 cum
2167 1720 2238 1778 te

106 1834 179 1891 ut
208 1824 525 1899 amicum
564 1825 1189 1901 uehementissime
1228 1826 1525 1926 diligam
1548 1884 1573 1923 ‚
1612 1845 1772 1902 tum
1796 1842 1830 1877 ³
1867 1824 2243 1899 meminis-

111 1965 175 2013 se
202 1960 485 2044 oportet
512 2000 535 2041 ,
590 1962 942 2048 quantum
977 1974 1306 2023 amorem
1344 1950 1589 2025 amico
1616 2007 1639 2043 .,
1700 1962 1984 2023 tantum
2039 1970 2238 2019 reue-

108 2064 347 2138 rentiae
376 2067 725 2165 magistro
763 2082 1124 2169 praestare
1156 2068 1415 2143 debere
1452 2122 1471 2139 .
1528 2068 1710 2143 Uale
1735 2125 1758 2164 ,
1817 2066 1922 2139 mi
1947 2066 2232 2139 Fronto

110 2182 455 2260 carissime
486 2202 559 2260 et
588 2214 799 2288 supra
838 2190 1074 2265 omnis
1128 2214 1237 2264 res
1274 2189 1700 2263 dulcissime
1728 2244 1748 2261 .

293 2308 463 2383 Sota
490 2302 527 2369 ⁴
548 2310 887 2385 ennianus
908 2312 1247 2385 remissus
1271 2338 1313 2384 a
1342 2326 1409 2386 te
1434 2306 1499 2407 b,
1530 2312 1693 2385 etin
1717 2310 1964 2385 charta
1987 2308 2244 2411 purio-

110 2440 259 2499 reet
290 2426 663 2502 uolumine
692 2430 1003 2527 gratiore
1024 2444 1097 2504 et
1122 2430 1361 2507 littera
1395 2432 1759 2506 festiuiore
1788 2456 2006 2533 quam
2037 2441 2241 2503 antea

110 2540 315 2620 fuerat
365 2546 655 2620 uidetur
680 2602 701 2619 .
756 2548 1134 2623 Gracchus
1164 2542 1199 2601 5
1238 2574 1409 2623 cum
1459 2550 1646 2625 cado
1695 2544 1917 2624 musti
1962 2554 2246 2619 maneat

110 2658 269 2739 dum
298 2668 627 2741 uenimus
657 2699 677 2737 ε
712 2694 935 2768 neque
982 2668 1177 2741 enim
1216 2683 1454 2742 metus
1483 2683 1599 2743 est
1644 2666 2064 2747 Gracchum
2123 2662 2244 2767 inj-

268 2896 297 2925 '
342 2898 447 2965 M.
499 2892 825 2961 Omnium
858 2919 1057 2962 aures
1102 2897 1234 2962 tuis
1281 2894 1537 2963 uoculis
1570 2898 1695 2965 sub
1767 2898 2002 2987 iugum
2035 2892 2236 2987 suba-.-

109 2998 237 3049 ctae
304 3004 461 3053 sunt
498 3034 516 3052 .

166 3222 201 3253 a
228 3200 372 3252 Haud
406 3204 509 3253 ocio
548 3220 609 3252 ιιι
662 3200 896 3257 exciderit
932 3204 1037 3255 siue
1070 3203 1303 3253 extritum
1356 3200 1506 3253 fuerit
1536 3220 1615 3252 me
1646 3215 1758 3252 unte
1805 3200 2113 3263 meminisse,
2171 3208 2236 3257 ob

108 3292 411 3325 concnam.
486 3272 518 3323 b
552 3274 924 3345 Inuca-pungitur
982 3277 1033 3325 in
1070 3273 1238 3325 codice
1298 3290 1411 3341 pont
1442 3286 1525 3327 te.

184 3466 205 3502 ι
251 3444 487 3505 Laudat
515 3442 824 3501 Frontonis
848 3440 1121 3519 eloquen·
1282 3448 1317 3512 4
1362 3444 1448 3501 lta
1484 3444 1789 3503 euidenter
1824 3442 2004 3501 codex
2029 3486 2043 3499 .
2089 3445 2242 3503 Iam·-

108 3528 229 3585 tiam
250 3570 263 3584 .
1198 3544 1341 3582 uero
1388 3548 1505 3585 non
1557 3532 1806 3587 Asotnm
1869 3539 1933 3584 ut
1985 3525 2244 3604 loquitur

180 3632 209 3669 2
258 3613 341 3668 ·L·
386 3606 697 3669 Volusium
762 3606 1123 3682 Maecianum
1207 3610 1410 3667 Festus
1438 3652 1455 3679 ,
1508 3610 1613 3667 sed
1664 3618 1867 3669 Solam
1917 3609 2032 3668 dici
2083 3608 2244 3673 hunc

106 3688 235 3755 iuris
274 3690 613 3767 magistrum
646 3690 833 3749 audiit
862 3691 1087 3746 Marcus
1107 3729 1120 3743 .
1210 3689 1378 3746 Ennii
1412 3691 1630 3749 librum
1672 3684 1734 3751 in
1755 3693 2002 3769 antiquis
2019 3694 2245 3755 Varro-

106 3774 340 3851 Capitol.
378 3772 445 3831 in
478 3776 553 3831 M.
574 3796 680 3851 cap
725 3773 828 3831 111.
851 3772 1121 3829 Laudant
1202 3772 1319 3843 nis,
1355 3776 1453 3851 qui
1490 3794 1619 3832 eum
1659 3776 1835 3848 citat,
1856 3774 2241 3851 editionibus,

106 3856 348 3916 eiusdem
372 3857 751 3935 prudentiam
794 3854 933 3911 iuris
973 3854 1125 3911 ami-
1206 3854 1536 3914 obseruauit
1556 3857 1846 3936 Scaliger:
1872 3860 2030 3936 quod
2049 3872 2242 3919 autem

109 3956 332 4017 cumque
380 3938 683 4017 appellant
734 3937 855 3997 diui
889 3940 1121 3995 Fratres
1203 3937 1361 3996 idem
1378 3940 1988 4016 ScaligerSotada'cum
2009 3944 2242 4019 potius,

110 4020 301 4097 digest.
336 4042 586 4079 xxxvii.
650 4027 739 4090 ¹4·
786 4044 879 4101 ¹7.
1205 4042 1375 4099 quam
1409 4030 1609 4082 Solam
1641 4025 1890 4082 scribere
1910 4026 2150 4095 suadet,
2177 4024 2242 4083 in

182 4105 215 4163 3
254 4108 409 4183 Ergo
430 4104 585 4163 hanc
604 4102 907 4183 epistulam
952 4122 1127 4161 manu
1204 4104 1317 4162 hoc
1348 4104 1397 4160 is
1419 4106 1651 4165 demum
1668 4128 1702 4164 a
1725 4106 2074 4167 ·M·Aurelio
2089 4128 2245 4169 nunc

112 4200 201 4239 sua
213 4188 494 4247 scribebat
512 4186 899 4245 ·M·Aureliu8.
912 4188 1127 4243 Confer
1206 4183 1497 4247 refellitur
1526 4228 1543 4244 .
2061 4206 2068 4214 ·

106 4261 579 4333 uh.111.3.1111.8.
603 4270 677 4329 de
696 4290 830 4351 nep.
844 4290 952 4329 am.
975 4270 1117 4350 epJ.
1286 4268 1325 4329 5
1368 4272 1589 4359 Nempe
1630 4272 1884 4338 Gracchi
1921 4273 2240 4343 orationes.
