3384 5134
959 489 1270 543 Lunna
1367 491 1466 543 ιιι
1661 495 1666 503 ·
2168 471 2269 568 69

137 587 378 694 petuis
433 583 923 681 orationibus,
963 590 1133 664 licet
1185 604 1384 664 extra
1439 615 1727 663 causam
1762 590 1943 665 nihil
1972 617 2273 703 progre-
2336 625 2341 632 ·

141 713 335 803 diar,
375 725 618 784 tamen
636 724 716 782 et
758 705 988 782 oculis
1025 710 1416 783 acrioribus
1449 724 1520 782 et
1550 736 1735 785 uoce
1776 713 2177 786 uehementi
2204 725 2279 786 et

141 829 392 904 uerbis
428 828 760 928 grauibus
793 829 1189 902 utendum.
1229 845 1563 902 ..autem
1593 831 1813 904 .hinc
1845 831 2067 929 digito
2097 831 2281 904 irato

140 951 350 1048 quod
384 1007 402 1021 .
438 1003 456 1022 .
483 951 852 1023 hominem
915 963 1118 1023 tuum
1160 1007 1175 1020 .
1208 1006 1224 1021 .
1254 1006 1274 1021 .
1317 950 1453 1022 Sed
1483 950 1773 1024 difficile
1804 965 1871 1024 st
1915 964 1947 1000 ¹³
1980 964 2061 1023 ut
2082 949 2281 1025 istud

133 1069 226 1140 ab
257 1095 352 1141 eo
386 1068 723 1169 inpetrari
754 1069 986 1169 possit
1013 1103 1032 1138 ε
1091 1069 1359 1142 dicitur
1385 1071 1576 1142 enim
1641 1071 1977 1171 cupidine
2033 1067 2282 1165 agendi

135 1186 440 1281 flagrare
459 1243 474 1256 .
504 1189 654 1260 Nec
691 1187 1126 1289 reprehendo
1161 1203 1398 1260 tamen
1425 1217 1508 1262 ne
1531 1191 1674 1262 hoc
1700 1189 1989 1289 quidem
2014 1215 2087 1261 se
2115 1242 2160 1258 ..
2186 1213 2275 1259 ne

133 1305 270 1375 tibi
304 1305 464 1403 ipsa
498 1305 622 1380 illa
656 1358 699 1377 ..
739 1307 814 1376 in
848 1303 1055 1378 causa
1091 1359 1137 1377 ..
1178 1322 1258 1378 nt
1291 1307 1607 1381 infestius
1646 1335 1778 1408 pro
1820 1362 1865 1382 ..
1898 1306 2222 1380 uideatur
2256 1357 2279 1375 .

137 1423 432 1498 Uerum
465 1441 538 1497 et
565 1426 721 1527 ipse
748 1425 996 1498 suades
1027 1425 1101 1498 in
1133 1428 1390 1526 primis
1428 1415 1591 1501 fidei
1623 1427 2017 1528 parendum
2050 1461 2069 1499 ε
2121 1440 2193 1500 et
2216 1426 2279 1498 si

135 1541 368 1614 armis
403 1545 515 1618 uel
556 1546 976 1646 palaestrica
1004 1539 1038 1596 ¹³
1063 1548 1276 1622 ludas
1298 1603 1320 1640 .‚
1371 1575 1457 1619 ne
1486 1547 1616 1621 has
1652 1549 1943 1648 quidem
1966 1548 2279 1622 ludicras

139 1664 692 1738 exercitationes
715 1668 861 1739 sine
883 1668 1336 1740 contentione
1371 1667 1627 1740 confici
1661 1694 1872 1772 posse
1897 1721 1943 1741 ..
1965 1683 2041 1742 et
2066 1721 2109 1740 ..
2134 1678 2208 1739 et
2233 1717 2279 1742 .-

141 1777 539 1856 facundior
571 1839 590 1853 .
615 1838 636 1855 .
656 1781 942 1856 laudaui
964 1784 1236 1860 beatius
1283 1785 1580 1898 opicum
1604 1799 1807 1858 tuum
1824 1839 1845 1856 .

764 2047 910 2098 vn.
1003 2049 1384 2099 MAGISTRO
1441 2047 1595 2098 MEO
1635 2073 1654 2098 ο

357 2263 586 2352 Quom
622 2274 700 2334 tu
723 2253 1030 2363 quiescis
1053 2273 1124 2335 et
1152 2261 1350 2363 quod
1377 2262 1854 2335 commodum
1889 2257 2281 2336 ualetudini

143 2381 240 2451 sit
275 2377 458 2453 facis
479 2435 504 2472 ‚
562 2394 718 2452 tum
746 2393 862 2452 me
895 2390 1165 2454 'recreas
1193 2437 1211 2452 .
1265 2383 1364 2454 Et
1393 2380 1697 2453 libenter
1726 2389 1803 2452 et
1834 2383 2061 2455 otiose
2102 2406 2225 2478 age
2253 2429 2279 2450 .

147 2498 398 2571 Sentio
419 2525 584 2596 ergo
619 2513 811 2571 recte
847 2497 1078 2570 fecisti
1106 2554 1129 2593 ‚
1185 2496 1382 2598 quod
1415 2497 1715 2571 brachio
1756 2498 2075 2572 curando
2093 2523 2277 2598 ope-

151 2641 316 2688 ram
342 2616 650 2691 dedisti.
703 2619 858 2714 Ego
901 2643 1180 2718 quoque
1211 2616 1428 2689 hodie
1462 2643 1502 2690 a
1555 2618 1863 2717 septima
1894 2619 1970 2690 in
2014 2614 2283 2688 lectulo

144 2734 478 2808 nonnihil
532 2733 717 2830 legi:
772 2761 940 2808 nam
1000 2735 1239 2810 οἰιὸνας
1295 2733 1550 2808 decern
1601 2735 1823 2808 ferme
1886 2733 2223 2835 expediui
2262 2755 2295 2804 .’

149 2856 218 2927 N
225 2870 458 2928 onatc
491 2855 772 2928 socium
796 2869 870 2926 et
889 2855 1264 2954 optionem
1307 2855 1485 2926 mihi
1517 2881 1723 2932 sumo
1753 2891 1770 2928 ε
1826 2883 1997 2929 nam
2050 2856 2287 2928 minus

151 2974 462 3048 secunda
525 2973 659 3045 fuit
721 2973 796 3044 in
829 2973 1310 3073 persequendo
1339 2975 1564 3050 mihi.
1620 2979 1757 3048 Est
1797 2989 2033 3048 autem
2062 2971 2287 3073 squod

149 3097 226 3167 in
277 3093 509 3167 insula
539 3092 838 3164 Aenaria
895 3091 1078 3164 intus
1118 3089 1316 3163 lacus
1347 3106 1453 3164 est
1481 3125 1500 3161 ε
1556 3092 1632 3164 in
1669 3120 1752 3167 eo
1792 3093 1957 3163 lacu
1995 3087 2133 3160 alia
2163 3089 2282 3160 in-

156 3216 310 3287 sula
338 3269 360 3306 ‚
415 3225 488 3284 et
522 3235 608 3281 eo
670 3235 956 3309 quoque
1011 3207 1448 3282 inhabitatur
1482 3261 1500 3280 .
1558 3213 1706 3288 ἕνθε
1736 3231 1767 3266 c
1790 3209 1909 3296 μὲν
1947 3212 1987 3268 d
2016 3203 2286 3275 δ’ἐῖκόνα

154 3337 458 3428 ποιοῦμεν
497 3389 514 3406 .
567 3328 748 3402 Uale
801 3328 1219 3402 dulcissima
1275 3328 1511 3404 anima
1546 3381 1565 3410 ,
1618 3319 1933 3399 Domina
1993 3339 2155 3389 mea
2215 3331 2284 3396 te

157 3447 464 3522 salutat.

485 3565 491 3570 ’
821 3591 1007 3650 vnt.
1098 3592 1386 3641 nomme
1443 3587 1646 3660 Μεο,

361 3800 756 3877 ῙΜΑοιΝεΜ
782 3859 804 3899 .,
864 3825 1084 3904 quam
1123 3817 1194 3878 te
1247 3825 1576 3906 quaerere
1613 3800 1716 3876 ais
1743 3857 1765 3897 ‚
1825 3825 2077 3900 meque
2142 3791 2279 3870 tibi

157 3924 442 4002 socium
497 3921 604 4030 atl-
655 3925 1134 4025 quaerendum
1185 3939 1258 3998 et
1307 3924 1680 3998 obtionem
1712 3935 1743 3971 θ
1776 3923 1996 3998 sumis
2024 3976 2046 4013 .,
2084 3941 2279 4016 ‘num

225 4129 262 4158 a
291 4111 371 4160 In
406 4109 517 4159 cod.
552 4125 668 4159 cum
709 4109 979 4178 aphaeresi,
1023 4128 1078 4161 ut
1089 4114 1307 4181 saepein
1341 4110 1508 4162 codice
1538 4109 1781 4161 Ciceroni·
1815 4108 1875 4156 de
1896 4125 1998 4172 rep.
2032 4108 2211 4154 Tamen
2242 4118 2277 4152 a

155 4195 326 4230 manus
365 4176 482 4231 feeit
511 4192 614 4230 est.
686 4179 716 4227 b
751 4181 868 4230 cod.
896 4182 1099 4250 palestr‘
1080 4200 1158 4232 cca
1190 4217 1201 4229 .
1272 4200 1301 4230 c
1334 4183 1407 4232 Ita
1443 4182 1631 4251 legon
1583 4175 1631 4231 in
1652 4175 1761 4230 c.od
1828 4177 1864 4225 cl
1900 4171 1974 4228 Ita
1992 4175 2147 4245 legere
2182 4175 2279 4229 m’k‘

153 4249 210 4323 ki
247 4251 452 4304 uideor.
521 4267 548 4300 e
581 4251 657 4301 Ita
679 4249 785 4302 cod.
805 4268 891 4322 per
922 4252 952 4302 b
973 4287 987 4316 ,
1022 4267 1177 4322 quum
1209 4253 1357 4323 paulo
1405 4269 1512 4304 ante
1529 4253 1684 4341 saeuit
1706 4267 1791 4318 per
1824 4265 1903 4318 Ρ
