3384 5134
1091 460 1240 535 328
1475 576 1869 657 LAUDES
1922 578 2713 655 NEGLEGENTIAE
2754 593 2784 629 ⁸
2818 634 2839 651 .

1287 825 1625 895 Acerm
1652 818 1895 892 laudes
1924 818 2391 917 neglegentiae
2418 816 2873 893 conscribere
2898 872 2925 909 ‚
2976 840 3159 915 quas
3188 802 3225 861 θ

1083 966 1212 1013 cur
1261 938 1586 1015 nondum
1608 953 1639 987 ⁰
1665 939 2217 1013 conscribserim
2250 994 2273 1035 .,
2332 954 2413 1011 ut
2452 965 2560 1011 res
2596 953 2705 1011 est
2734 990 2756 1030 ‚
2814 934 2893 1007 id
2928 956 3223 1034 quoque

1081 1058 1347 1158 neglegi
1371 1051 1412 1107 d
1437 1113 1455 1129 .
1494 1116 1513 1130 .
1555 1115 1572 1129 .
1611 1060 1803 1131 Nam
1842 1061 1966 1159 qui
2016 1060 2228 1133 nimis
2259 1061 2465 1133 anxie
2500 1058 2735 1133 mun-ia
2772 1054 3171 1129 conficiunt
3200 1104 3221 1135 ,

1075 1204 1336 1281 parum
1365 1179 1725 1252 amicitiae
1748 1180 2122 1254 confidunt
2156 1234 2175 1250 .
2218 1235 2237 1251 .
2282 1234 2301 1251 .
2330 1190 2361 1228 θ
2406 1178 2874 1279 temperantia
2912 1198 3213 1248 coerce-

1075 1312 1196 1371 tur
1225 1353 1243 1369 .
1301 1296 1544 1394 Uolgo
1575 1298 1791 1369 etiam
1820 1296 2102 1371 laudata
2130 1298 2557 1395 indulgentia
2584 1310 3005 1397 promptam
3038 1316 3211 1392 pec-

1069 1420 1247 1490 catis
1277 1418 1655 1490 hominum
1695 1417 1976 1489 ueniam
2008 1416 2177 1489 dare
2206 1448 2225 1487 ε
2266 1418 2398 1489 nisi
2438 1415 2701 1489 delicta
2736 1412 2943 1485 facile
2976 1411 3213 1508 negle-

1069 1564 1186 1636 gas
1219 1530 1289 1629 s,
1330 1562 1592 1635 parum
1625 1534 2014 1609 clementer
2046 1537 2405 1635 indulgeas
2445 1592 2461 1607 .
2518 1534 2737 1629 Quod
2774 1548 3015 1607 autem
3046 1528 3211 1628 quis

1063 1658 1374 1731 intutam
1423 1672 1496 1731 et
1547 1657 1955 1758 expositam
2012 1656 2349 1757 periculis
2396 1656 2897 1755 neglegentiam
2948 1666 3207 1754 putet5

1063 1776 1245 1849 mihi
1281 1800 1498 1849 omne
1529 1792 1783 1850 contra
1816 1764 2097 1852 uidetur
2141 1779 2371 1851 multo
2406 1833 2427 1872 ‚
2485 1776 2859 1877 multoque
2894 1773 3207 1868 diligen-

1067 1896 1242 1967 tiam
1281 1898 1509 1993 magis
1533 1897 1870 1995 periculis
1904 1898 2298 1971 obnoxiam
2330 1924 2475 1972 esse
2500 1908 2539 1963 8
2556 1952 2573 1969 .
2612 1896 2936 1992 Namque
2974 1889 3213 1987 negle-

1011 2038 1019 2046 ·
1064 2015 1332 2112 gentiae
1401 2014 1593 2088 haud
1641 2017 2029 2117 quisquam
2102 2044 2531 2117 magnopere
2582 2014 2875 2088 insidias
2924 2011 3137 2082 locat
3178 2062 3203 2095 .,

1060 2133 1478 2207 existimans
1513 2136 1731 2209 etiarn
1766 2138 1911 2210 sine
1959 2138 2235 2210 insidiis
2274 2162 2555 2239 semper
2586 2148 2657 2209 et
2690 2133 2953 2233 ubique
2972 2144 3049 2201 et
3076 2130 3207 2201 ubi

1057 2250 1278 2327 libeat
1321 2254 1796 2354 neglegentem
1841 2258 2215 2333 hominem
2247 2263 2323 2332 in
2374 2256 2687 2359 procliui
2724 2257 2875 2329 fore
2914 2252 3161 2327 fallere
3186 2290 3203 2325 z

1061 2374 1397 2453 aduersus
1420 2376 1778 2478 diligentis
1802 2408 1969 2455 uero
2000 2396 2071 2455 et
2092 2383 2657 2481 circumspectos
2688 2392 2761 2450 et
2780 2372 3207 2449 exsultantis

1061 2496 1324 2595 opibus
1371 2478 1770 2574 fraudes'et
1814 2503 2182 2603 captiones
2214 2516 2289 2575 et
2320 2502 2613 2575 insidiae
2642 2512 2985 2601 parantur
3014 2556 3034 2569 .
3092 2498 3201 2569 Ita

1057 2614 1280 2690 ferme
1323 2618 1749 2717 neglegentia
1778 2638 2153 2697 contemtu
2176 2636 2471 2714 tutatur,
2498 2620 2855 2719 diligentia
2878 2638 3037 2695 astu
3066 2647 3199 2720 op-

1051 2750 1403 2833 pugnatur
1430 2794 1446 2808 .
1503 2742 1871 2814 Eterratis
1900 2740 2325 2839 neglegentia
2356 2740 2561 2813 uenia
2586 2741 2902 2839 paratior
2928 2741 3149 2813 datur
3168 2796 3189 2825 ,

1051 2868 1125 2927 et
1175 2855 1351 2930 bene
1408 2858 1614 2933 factis
1649 2850 1686 2907 ¹⁷
1734 2864 1975 2957 gratiis
2028 2863 2247 2961 gratia
2296 2860 2637 2935 habetur.
2674 2862 2879 2933 Nam
2916 2877 3195 2960 praeter

1049 2976 1468 3075 opinionem
1518 2960 1809 3077 gratum
1862 2996 2017 3075 est,
2074 2994 2469 3055 ceterarum
2524 3008 2759 3054 rerum
2804 2980 3189 3076 indiligen-

1045 3106 1193 3166 tem
1251 3095 1428 3173 bene
1494 3100 1723 3199 facere
1787 3102 1860 3173 in
1900 3116 2227 3201 tempore
2279 3099 2475 3174 haud
2528 3100 2913 3197 neglexisse
2948 3155 2966 3170 .
3028 3101 3185 3170 Iam

1043 3208 1229 3285 illud
1291 3241 1330 3286 a
1386 3219 1620 3315 poetis
1687 3220 2053 3293 saeculum
2138 3246 2429 3293 aureum
2502 3232 2987 3292 memoratum
3042 3274 3065 3307 .,
3130 3218 3191 3289 si

1047 3354 1220 3403 cum
1255 3334 1501 3407 animo
1533 3348 1815 3436 reputes
1843 3394 1864 3431 v
1920 3336 2280 3436 intellegas
2314 3336 2780 3436 neglegentiae
2820 3337 3189 3411 saeculnm

1045 3449 1262 3529 fuisse
1287 3446 1328 3486 *
1368 3508 1390 3547 .,
1449 3478 1618 3527 cum
1657 3482 1821 3553 ager
1874 3458 2231 3555 neglectus
2274 3456 2545 3531 fructus
2602 3458 2853 3531 uberes
2916 3458 3131 3531 ferret
3160 3512 3183 3548 ,

1047 3773 1097 3838 t,
1223 3684 1283 3840 *s
1309 3684 1405 3789 {n-
1457 3684 1815 3757 Saeculum
1867 3686 2040 3755 illud
2090 3714 2407 3771 aureum,
2454 3687 2795 3757 saeculum
2826 3686 3185 3785 neglegen-

1079 3798 1178 3840 1ae
1278 3792 1412 3841 unt.
1493 3796 1504 3809 ·

1118 4014 1154 4044 a
1189 3992 1282 4044 Hic
1307 3994 1478 4044 titulu-
1506 4010 1577 4045 επ
1610 3997 1660 4045 in
1695 4000 1909 4067 margine
1931 4036 1945 4049 .
1999 3997 2046 4047 'b
2082 3996 2343 4064 Coctqnae
2370 4035 2385 4048 .
2455 4014 2485 4047 e
2516 3997 2637 4049 Cod.
2671 3998 2889 4049 nondum
2920 4002 3073 4049 etiam
3100 4000 3183 4049 ἰοί.

1046 4062 1088 4111 (1
1124 4066 1198 4115 Ita
1237 4064 1442 4115 odnedae
1494 4065 1695 4135 neglegi
1736 4086 1827 4132 pro
1863 4068 2067 4138 neglexi
2098 4104 2113 4119 .
2158 4068 2230 4118 Cf.
2271 4068 2364 4118 alin
2396 4070 2616 4137 exempl·
2652 4070 2783 4137 apud
2824 4070 3185 4121 fermilinum.

1051 4148 1082 4181 e
1113 4136 1306 4184 Lacuna
1346 4134 1554 4187 duarum
1577 4137 1743 4187 altem
1774 4142 2059 4207 paginarum
2078 4176 2091 4195 ,
2130 4156 2256 4209 quae
2280 4140 2373 4209 legi
2408 4156 2655 4210 nequeunt
2675 4179 2690 4190 .
2756 4134 2789 4195 f
2825 4140 2947 4191 eod.
2986 4142 3185 4191 intelle-

1047 4220 1182 4327 geste.
1211 4276 1224 4290 .
1245 4222 1308 4327 Ξ
1320 4208 1383 4256 In
1421 4206 1590 4260 codice
1611 4224 1899 4278 repetuntur
1932 4211 2159 4263 mendene
2194 4211 2299 4261 duo
2336 4228 2529 4261 uersus.
2594 4210 2629 4261 Ιι
2666 4210 2787 4271 Cod-
2806 4208 3051 4285 besceda.
3086 4214 3181 4267 sed

1047 4290 1132 4328 m
1208 4292 1244 4329 U
1307 4295 1364 4328 ⁸·
2800 4320 2818 4329 -
