3384 5134
1063 452 1374 508 Linea
1453 457 1480 504 ι
2330 449 2339 457 ”

233 597 241 604 .
326 543 608 634 rupim
643 541 826 629 μῖλα
875 542 1133 634 νῖμοντι
1181 548 1330 642 παρ’
1381 546 1586 634 ἵχωον
1621 544 1803 641 ἰξίας
1850 549 2049 618 ἵππου
2282 459 2336 533 9

423 651 706 738 Ἡσιόδῳ
739 651 1026 742 μουσάων
1069 654 1266 744 lepti:
1311 654 1420 722 ὅτ’
1463 655 1751 726 ὄντίασεν
1779 705 1799 726 .
1917 649 1929 658 “

177 770 270 838 To*-
291 770 394 838 ἔτ’
442 769 743 840 :invicto-w
777 765 982 839 uides
1019 765 1227 868 quale
1263 767 1396 862 sit3
1436 766 1719 842 Scilicet
1770 765 2179 844 ambulanti
2207 765 2341 842 ob-

173 883 316 959 uias
351 886 649 959 uenisse
703 909 942 960 musas
975 941 994 956 .
1028 885 1225 976 Quid
1257 901 1499 966 autem
1555 901 1626 960 tu
1663 885 1753 960 de
1786 913 1875 962 eo
1918 886 2290 962 existimas
2314 942 2341 986 ‚

177 1031 386 1104 quem
441 1005 574 1106 qui
614 1003 1102 1106 pulcherrime
1139 1007 1386 1082 laudat
1411 1065 1434 1104 ,
1493 1009 1674 1110 quid
1711 1013 1813 1084 ait
1837 1003 1881 1086 ’ἶ

323 1119 614 1209 νίέυμος
653 1122 926 1198 εἶ’δύετος
951 1123 1219 1208 θανάτῳ
1265 1120 1559 1209 ἔγχεα-τοι
1601 1123 1815 1201 ἔοικάς
1852 1177 1869 1193 .

177 1231 364 1306 Haec
403 1232 590 1308 satis
621 1231 726 1306 tui
763 1259 1010 1308 amore
1061 1236 1310 1336 potius
1344 1261 1566 1337 quam
1605 1263 1805 1312 meae
1838 1237 2147 1316 fiduciae
2172 1239 2343 1316 ¹'lu--

179 1355 388 1427 serim
414 1409 434 1426 .
493 1351 568 1430 N
572 1379 717 1428 unc
779 1345 966 1428 bene
1019 1369 1367 1430 accusato
1425 1382 1682 1436 somno
1744 1357 2151 1436 dormitum
2196 1388 2285 1437 eo
2317 1393 2340 1434 ε

177 1495 339 1545 nam
371 1498 680 1574 uespera
731 1472 910 1546 haec
964 1471 1056 1544 ad
1095 1488 1164 1547 te
1203 1473 1490 1550 detexui
1525 1533 1544 1549 .
1599 1477 1870 1584 Orione
1908 1470 1945 1531 b
1994 1481 2179 1558 mihi
2210 1508 2337 1560 so·-

181 1615 389 1666 mnus
449 1593 769 1691 gratiam
802 1591 1056 1667 referat
1089 1648 1107 1663 .

438 1861 616 1911 1111.
696 1863 812 1908 ’Μ’
859 1861 1166 1912 CAESARI
1225 1863 1521 1914 DOMINO
1599 1863 1733 1912 SUO
1788 1866 2080 1916 FRONTO

379 2059 674 2136 Donum
729 2087 1011 2136 reuerso
1053 2059 1239 2133 mihi
1278 2061 1582 2160 epistula
1615 2059 1897 2136 reddita
1929 2075 2079 2159 est,
2120 2089 2345 2165 quam

187 2197 263 2256 tu
293 2179 644 2256 uidelicet
671 2183 986 2258 Romam
1021 2181 1206 2256 mihi
1239 2183 1630 2284 scripseras
1667 2239 1688 2278 ‚
1725 2196 1799 2257 et
1832 2197 1985 2257 erat
2013 2182 2158 2257 lata
2190 2185 2340 2258 Ro-

187 2328 434 2397 mam3
490 2301 748 2378 deinde
801 2303 1018 2378 hodie
1079 2303 1361 2401 relata,
1416 2317 1490 2378 et
1539 2303 1763 2406 paulo
1794 2321 1958 2380 ante
1995 2305 2177 2380 mihi
2228 2323 2341 2380 est

191 2421 452 2497 reddita
480 2458 499 2497 ε
557 2424 632 2500 in
670 2452 814 2525 qua
847 2451 1082 2528 pauca
1113 2483 1136 2520 .,
1193 2453 1372 2528 quae
1431 2452 1564 2528 ego
1621 2451 1762 2530 pro
1804 2451 2066 2500 somno
2128 2425 2339 2500 dixe-

195 2569 338 2616 ram
375 2601 396 2640 ,
451 2559 530 2620 tu
593 2543 846 2618 multis
895 2563 968 2620 et
1001 2546 1446 2651 elegantibus
1513 2547 1953 2644 argumentis
2013 2545 2341 2620 refutasti

195 2663 280 2736 ita
318 2667 492 2740 scite
527 2723 550 2762 .‚
589 2667 694 2740 ita
735 2665 1101 2740 subtiliter
1135 2683 1207 2740 et
1239 2680 1446 2768 apte,
1503 2680 1587 2739 ut
1623 2665 1684 2739 si
1721 2663 1970 2763 uigilia
2010 2665 2149 2739 tibi
2190 2667 2341 2740 hoc

163 2859 172 2870 ,
199 2784 534 2858 acuminis
561 2797 642 2857 et
670 2783 944 2886 leporis
968 2785 1238 2880 adfert,
1265 2812 1395 2883 ego
1417 2811 1719 2886 prorsus
1746 2785 2040 2884 uigilare
2064 2799 2131 2860 te
2154 2785 2343 2860 mal·-

193 2900 324 2978 lem
353 2962 370 2979 .
419 2906 559 2982 Sed
609 2906 806 2978 enim
838 2931 1134 3010 uespera
1169 2907 1542 3014 scripsisse
1575 2921 1644 2985 te
1682 2907 1787 2980 ais
1822 2962 1845 3001 .‚
1904 2931 2075 2978 cum
2114 2905 2339 3008 paulo

197 3039 348 3122 post
375 3026 834 3102 dormiturus
857 3055 1046 3102 esses
1075 3063 1092 3100 ε
1124 3028 1340 3128 igitur
1369 3029 1957 3130 adpropinquans
1986 3043 2061 3101 et
2091 3030 2339 3104 immi-

199 3169 353 3218 nens
381 3147 513 3222 tibi
547 3173 860 3224 somnus
890 3163 1045 3224 tam
1079 3147 1472 3248 elegantem
1495 3149 1682 3221 hanc
1709 3145 2095 3247 epistulam
2128 3150 2300 3223 fecit
2318 3205 2340 3224 .

203 3261 508 3367 Namque
535 3324 560 3364 .,
609 3281 696 3342 ut
728 3293 988 3344 crocus
1014 3325 1038 3364 .,
1096 3269 1196 3342 ita
1253 3293 1553 3341 somnus
1599 3265 1804 3366 prius
1838 3293 2059 3367 quam
2104 3294 2339 3368 prope

201 3381 368 3460 adsit
399 3443 423 3483 .‚
471 3389 694 3487 longe
721 3388 1046 3492 praeolet
1099 3387 1450 3488 longeque
1501 3383 1817 3460 delectat
1842 3442 1860 3458 .
1916 3387 2027 3460 Ut
2066 3413 2105 3458 a
2137 3387 2341 3488 prin·-

203 3502 382 3605 cipio
439 3512 666 3609 igitur
716 3510 1064 3613 epistulae
1119 3525 1282 3586 tuae
1345 3509 1700 3612 incipiam
1742 3563 1765 3603 .,
1820 3508 2341 3606 elegantissime

197 3631 666 3722 praeuaricari
719 3645 788 3704 te
809 3631 984 3728 ‘ais;
1042 3629 1245 3734 quod
1309 3629 1619 3703 uerbum
1660 3629 1851 3703 adeo
1890 3635 2278 3732 proprium
2304 3639 2338 3678 Β

203 3757 298 3816 est
325 3802 350 3842 ,
394 3763 476 3823 ut
505 3778 600 3828 eo
635 3751 930 3827 sublato
975 3751 1176 3825 aliud
1228 3748 1443 3824 subdi
1475 3749 1801 3855 eiusdem
1832 3775 2001 3824 usus
2034 3765 2109 3824 et
2137 3775 2343 3852 pon-—

203 3861 372 3941 deris
403 3897 549 3946 non
590 3873 830 3974 possit
856 3929 877 3946 .
932 3857 1129 3946 Illud
1181 3898 1354 3950 nero
1421 3871 1708 3944 dictum
1744 3868 2021 3968 elegans
2059 3869 2277 3943 Baiae
2310 3921 2340 3966 ‚

266 4030 300 4066 α
333 4016 404 4071 Ita
433 4019 541 4070 eod.
558 4020 694 4070 Num
711 4023 876 4088 potius
895 4020 1027 4072 dien·
1047 4015 1362 4092 mec'fiducc'a
1383 4025 1404 4070 ’ἒ
1480 4015 1512 4069 b
1549 4020 1626 4070 Ita
1651 4033 1851 4085 proram
1866 4015 2085 4088 legebam
2118 4018 2169 4065 in
2194 4015 2338 4068 eodi-

209 4095 257 4130 0·
275 4117 290 4130 ·
327 4087 408 4137 Eut
441 4103 604 4141 tamen
649 4093 895 4159 praeclara
949 4095 1230 4144 coniectura
1271 4089 1339 4140 ill.
1377 4088 1635 4141 Niebuhrii
1675 4091 1729 4140 in
1768 4087 2058 4140 berolinemi
2090 4086 2303 4137 editione
2320 4121 2344 4146 ,‚

211 4168 368 4221 ΜΠ»
397 4157 662 4211 dicendum
683 4181 784 4212 ense
805 4181 894 4213 om
930 4181 992 4213 ne
1012 4197 1026 4211 .
1097 4178 1128 4212 c
1161 4163 1336 4212 Omisit
1366 4163 1669 4213 amanuensi·
1689 4177 1887 4211 uersum
1906 4157 2127 4210 laterculi
2150 4173 2337 4229 unum,

215 4225 338 4276 enim
385 4228 572 4285 litt-ne
610 4231 818 4286 notiam
850 4231 954 4288 fere
975 4250 1078 4288 ecoe
1111 4233 1306 4308 solent,
1345 4247 1468 4304 quot
1487 4251 1578 4304 ege
1595 4231 1707 4286 heic
1728 4229 1933 4304 suppleo
1954 4263 1971 4288 Q
