3384 5134
1071 460 1226 556 234
1693 481 1815 529 nn
1898 462 2589 537 nnooun'nrla

1067 579 1258 668 litati
1307 574 1654 677 cuiusque
1724 569 2286 649 accommodata
2328 560 2374 603 *
2414 622 2440 662 .‚
2512 575 2851 666 possunt·
2885 558 3233 633 omnium

1071 728 1221 778 esse
1277 696 1760 790 communia,
1820 693 1949 769 sed
1998 693 2279 765 diuersa
2324 702 2489 762 sunt
2530 700 2610 759 et.
2644 709 2826 785 quae
2878 704 3231 753 commu-

1069 823 1190 896 nia
1267 818 1669 895 omnibus.
1739 814 1964 890 Aliud
2041 810 2451 944 prandium·
2494 801 2948 906 gubernatori
3018 824 3233 874 com-

1067 966 1286 1014 mune
1317 994 1343 1034 .‚
1411 952 1488 1013 et
1541 938 1741 1013 aliud
1798 933 2025 1037 pugili
2076 932 2168 1005 de
2201 928 2493 1027 integris
2548 922 2969 1023 tegoribus.
3008 914 3237 993 Aliud

1067 1058 1466 1164 prandendi
1534 1074 1836 1159 tempus
1890 1112 1915 1151 .‚
1976 1052 2117 1127 alia
2166 1048 2439 1125 lauatio
2476 1101 2502 1141 .‚
2594 1044 2777 1119 alius
2860 1066 3169 1116 somnus
3209 1092 3231 1130 ,

1069 1178 1210 1255 alia
1269 1180 1777 1285 peruigilatio'.
1848 1164 2245 1252 Considera
2307 1172 2527 1270 igitur
2560 1226 2583 1262 ‚
2648 1194 2739 1241 an
2796 1167 2873 1239 in
2921 1164 3063 1239 hac
3128 1190 3237 1235 se·

1067 1302 1305 1377 cunda
1395 1303 1674 1377 ratione
1756 1300 2174 1375 officiorum
2248 1294 2702 1369 contineatur
2782 1284 3237 1387 eloquentiae

1058 1424 1435 1497 studium.
1485 1423 1678 1496 Nam
1708 1422 2094 1495 Caesarum
2130 1430 2242 1492 est
2277 1417 2355 1489 in
2380 1428 2629 1490 senatu
2659 1436 2841 1513 quae
2882 1435 2923 1481 e
2954 1434 3035 1481 re
3064 1420 3235 1479 sunt

1065 1542 1360 1618 suadere
1389 1600 1413 1639 .,
1453 1540 1831 1645 populum
1874 1542 1965 1614 de
1995 1538 2353 1641 plerisque
2392 1534 2697 1634 negotiis
2748 1533 2827 1605 in
2872 1528 3234 1603 concione

1063 1662 1427 1766 appellare
1461 1719 1486 1758 .‚
1542 1664 1653 1737 ius
1708 1662 2063 1737 iniustum
2098 1658 2465 1760 corripere
2500 1710 2522 1751 ‚
2555 1681 2709 1759 *per
2760 1650 3023 1727 orbem
3078 1662 3233 1723 ter-

1061 1810 1186 1859 rae
1208 1784 1454 1861 literas
1479 1800 1516 1837 ⁸
1537 1786 1895 1859 missitare
1914 1838 1935 1879 ,
1964 1779 2149 1880 leges
2176 1772 2215 1831 b
2238 1792 2636 1853 ceterarum
2667 1774 2988 1874 gentium
3022 1794 3241 1845 com-

1039 1904 1332 2006 pellare
1377 1962 1402 2003 ‚
1460 1907 1831 1982 sociorum
1870 1901 2125 2003 culpas
2168 1900 2387 1975 dictis
2428 1922 2800 1989 coercere,
2852 1890 3236 1967 benefacta

1063 2022 1354 2101 laudare
1395 2082 1420 2124 ‚
1486 2027 1872 2103 seditiosos
1933 2048 2401 2125 compescere
2436 2075 2462 2115 .‚
2519 2019 2790 2092 feroces
2836 2014 3175 2088 territare
3214 2066 3235 2081 .

1063 2147 1328 2221 Omnia
1365 2149 1502 2227 ista
1535 2150 1876 2249 profecto
1924 2146 2163 2220 uerbis
2232 2158 2399 2219 sunt
2458 2168 2545 2216 ac
2605 2138 2865 2213 litteris
2912 2132 3235 2233 agenda.

1065 2267 1236 2353 Non
1289 2269 1576 2345 excoles
1612 2270 1832 2370 igitur
1863 2268 1944 2343 id
1996 2266 2200 2369 quod
2250 2264 2383 2339 tihi
2428 2266 2692 2339 totiens
2746 2258 3111 2359 tantisque
3166 2258 3237 2327 in

1063 2388 1276 2463 rebus
1323 2388 1566 2464 uideas
1617 2416 1877 2489 magno
1941 2388 2099 2463 usui
2144 2388 2469 2462 futurum
2504 2376 2549 2459 ⁴?
2598 2384 2719 2456 An
2766 2375 2951 2452 nihil
2998 2374 3231 2449 refer-

1062 2536 1142 2583 re
1161 2510 1532 2584 arbitraris
1569 2510 1903 2611 qualibus
1941 2511 2177 2585 uerbis
2227 2534 2393 2609 agas
2428 2562 2451 2602 .‚
2512 2530 2697 2608 quae
2732 2499 3021 2576 nonnisi
3058 2522 3235 2571 uer-

1062 2628 1180 2703 bis
1215 2632 1326 2727 agi
1359 2644 1662 2731 possunt
1691 2624 1736 2705 ⁴?
1787 2633 2005 2703 Erras
2036 2686 2058 2723 ,
2123 2630 2183 2704 si
2211 2642 2426 2730 putas
2473 2625 2638 2726 pari
2676 2618 3115 2695 auctoritate
3162 2616 3236 2686 in

1065 2764 1312 2823 senatu
1338 2752 1490 2824 fore
1513 2748 1879 2825 Thersitae
1928 2749 2163 2824 uerbis
2208 2758 2731 2849 expromptam
2762 2736 3195 2816 sententiam
3214 2788 3237 2827 .,

1065 2868 1141 2943 et
1191 2870 1488 2945 Menelai
1547 2888 1672 2946 aut
1710 2868 1920 2946 Uli-xi
1973 2872 2376 2946 orationem
2406 2924 2430 2963 ,
2472 2890 2786 2968 quorum
2826 2862 3199 2935 Homerus
3220 2867 3239 2901 ¹

1063 3006 1140 3065 et
1159 2990 1400 3068 uultus
1430 2994 1507 3067 in
1541 2992 1853 3092 agendo,
1907 3010 1980 3068 et
2002 2992 2293 3067 habitus
2322 3006 2399 3065 ct
2432 3004 2661 3064 status
2686 3000 2761 3059 et
2793 3006 3011 3057 uoces
3040 2971 3242 3080 [ca]-

1063 3132 1279 3189 noras
1306 3170 1328 3209 ‚
1380 3140 1467 3189 ac
1511 3102 2099 3189 modulationum
2160 3108 2609 3213 eloquentiae
2638 3128 2887 3205 genera
2946 3096 3237 3172 diuersa

1069 3240 1372 3309 notauit
1401 3248 1432 3283 ⁰
1571 3227 1612 3269 *

1247 3460 1281 3490 ⁴*
1329 3458 1431 3521 M.
1479 3455 1789 3525 Secunda
1826 3453 2069 3543 species
2104 3450 2441 3543 qualitatis
2474 3450 2643 3517 haec
2678 3466 2821 3517 est.

1243 3549 1277 3581 ⁸
1323 3550 1423 3615 M.
1481 3550 1665 3633 Quae
1702 3572 1807 3613 res
1854 3547 2319 3617 auctoritatem
2353 3544 2742 3635 principum
2776 3540 3080 3607 minuat.

1133 3772 1280 3821 ‹²1oe
1313 3766 1519 3819 schedae
1549 3786 1668 3819 cum
1712 3770 1853 3819 unica
1886 3780 1934 3828 t,
1962 3783 2130 3821 contra
2172 3784 2361 3819 morem
2394 3784 2493 3819 non
2526 3766 2677 3817 huius
2710 3763 2867 3815 nolum
2900 3762 3113 3822 codicis,
3150 3766 3231 3815 ned

1064 3844 1212 3899 etiam
1257 3840 1465 3891 aliorum
1505 3856 1754 3899 ueterum,
1791 3860 1859 3909 qu
1844 3856 1914 3891 ιο·
1950 3840 2151 3893 memini
2188 3858 2268 3890 me
2304 3838 2405 3889 nidi
2390 3858 2515 3893 1.oe
2549 3839 2611 3887 In
2646 3836 2777 3889 medi
2778 3836 2843 3884 ol.
2886 3853 3003 3885 eane
3054 3836 3133 3886 edi
3140 3840 3233 3887 tio-

1062 3910 1171 3980 ne(
1201 3912 1370 3963 codice
1408 3909 1612 3963 forsitan
1644 3928 1775 3964 retra
1748 3914 1949 3983 acuto)
1988 3912 2099 3962 dedi
2132 3908 2359 3962 linem-t.
2390 3912 2453 3961 Et
2480 3928 2600 3961 mox
2637 3908 2837 3979 quidem
2896 3906 3046 3957 etiam
3098 3910 3231 3957 sche-

1067 3984 1372 4036 daehabent
1407 3982 1735 4039 bmm.1,
1750 3985 1825 4035 Ita
1868 3984 1980 4037 cod.
2008 3982 2093 4035 ted
2132 3988 2474 4053 numaga?
2530 3982 2597 4034 Η.
2664 3998 2695 4031 c
2730 3979 2852 4032 God-
2890 3994 2987 4046 pro
3030 3980 3233 4031 notasti&

1065 4056 1262 4108 uidetur
1294 4052 1476 4107 habere
1521 4074 1624 4109 non
1654 4054 1896 4127 denique.

1177 4253 1201 4293 ι
1255 4229 1428 4293 Iliad.
1466 4249 1529 4307 γ.
1573 4252 1714 4294 212.
