3384 5134
1159 420 1294 497 162
1609 448 1701 499 At>
1758 448 2199 498 Ani-omnum
2276 448 2811 501 maana-mant

1143 540 1444 640 eleganti
1481 574 1501 611 ε
1559 542 1612 583 “
1650 542 2027 618 simulator
2076 568 2163 617 ac
2212 542 2707 617 dissimulator
2744 554 2763 589 ¹
2792 596 2847 636 ‚‚
2886 598 2907 614 .
2964 540 3299 615 Tullium

1149 688 1320 735 uero
1351 662 1951 739 commodissima
1974 677 2005 713 ⁸
2034 680 2106 739 et
2132 664 2469 739 familiari
2504 662 2913 739 oratoribus
2946 664 3173 759 figura
3210 688 3301 733 u-

1148 808 1312 856 sum
1339 840 1362 877 ,
1399 810 1620 887 quam
1654 766 2043 885 seriptores
2065 788 2329 862 artium
2354 794 2747 887 ι’πανάοοραν
2768 799 3041 859 uocant
3058 778 3101 817 *
3126 776 3166 833 Ι)

1149 903 1382 995 Quis2
1423 904 1849 982 clarioribus
1896 908 2073 981 uiris
2108 907 2427 1009 quodam
2462 920 2787 1009 tempore
2828 904 3220 978 iucundior
3250 898 3297 977 ἶ)

1149 1024 1309 1125 quis
1365 1026 1807 1127 turpioribus
1878 1027 2335 1101 coniunctior
2366 1020 2407 1101 ἶ)
2454 1027 2614 1129 quis
2670 1024 2851 1098 ciuis
2906 1020 3298 1097 meliorum

1148 1142 1470 1244 partium
1500 1143 1880 1244 aliquando
1914 1138 1957 1221 ’Β
1983 1146 2143 1247 quis
2178 1148 2469 1220 taetrior
2504 1144 2729 1221 hostis
2762 1144 2930 1220 huic
2958 1136 3293 1217 ciuitati?

1147 1261 1307 1361 quis
1357 1261 1432 1335 in
1481 1260 1979 1365 uoluptatibus
2010 1265 2451 1368 inquinatior
2488 1257 2530 1339 ’ἓ
2594 1265 2755 1365 quis
2804 1265 2881 1339 iu
2916 1262 3293 1355 laboribus

1143 1380 1534 1481 patientior
1571 1376 1616 1460 ?
1655 1383 1815 1483 quis
1868 1385 1944 1456 in
1995 1386 2389 1486 rapacitate
2418 1376 2767 1460 auarior?
2810 1383 2977 1484 quis
3030 1385 3108 1456 in
3145 1381 3291 1455 lar-

1147 1497 1413 1593 gitione
1463 1494 1815 1578 effusior?
1859 1506 1961 1577 Et
1996 1530 2219 1605 porro
2272 1506 2609 1607 deinceps
2673 1504 2765 1577 ab
2824 1502 3084 1577 eodem
3148 1502 3287 1575 isto

1139 1618 1366 1693 uerbo
1423 1626 1803 1703 sententiae
1862 1627 2293 1705 inchoantur
2328 1684 2347 1699 .
2414 1630 2490 1701 Si
2538 1626 2898 1703 uidebitur
2946 1622 3027 1695 id
3083 1620 3285 1723 quod

1145 1738 1652 1817 animaduertit
1700 1746 1792 1819 de
1828 1762 1893 1819 te
1923 1801 1943 1817 .
1972 1803 1989 1817 .
2016 1762 2045 1795 ⁰
2082 1750 2304 1821 citato
2356 1776 2447 1822 an
2477 1774 2615 1851 pro
2642 1762 2877 1821 cetero
2910 1758 3169 1818 orn-itu
3196 1766 3277 1813 ac

1145 1859 1459 1934 tumultu
1499 1866 1823 1939 medium
1856 1867 2038 1942 illud
2067 1868 2515 1969 inculpatum
2549 1871 2677 1962 sit,
2724 1870 2777 1909 “⁶
2804 1891 2975 1963 eum
3032 1863 3269 1936 omni-

1139 2034 1197 2073 „
1255 1979 1388 2053 bus
1443 1990 1981 2065 communicare
2045 1988 2244 2093 quod
2305 1982 2666 2063 hahebat}
2712 2044 2765 2083 ,.,
2797 2021 2817 2059 =
2876 2014 3043 2063 nam
3100 1984 3265 2057 mihi

1135 2101 1358 2203 paulo
1415 2104 1560 2179 hoc
1621 2110 1973 2208 uolgatius
2044 2122 2117 2185 et
2174 2112 2470 2184 ieiunius
2524 2110 2805 2183 uidetur
2840 2162 2860 2178 .
2913 2109 3079 2181 Non
3116 2098 3205 2175 d.
3245 2160 3263 2175 .

1136 2234 1308 2321 post
1350 2222 1470 2301 illa
1506 2226 1789 2304 Sallusti
1824 2244 1867 2279 θ
1876 2248 1947 2307 et
1996 2232 2189 2309 Tulli
2221 2231 2313 2307 de
2356 2230 2657 2305 Catilina
2692 2232 2805 2301 ·L·
2852 2210 3131 2303 Antoni
3156 2280 3173 2296 .
3208 2214 3271 2293 ,ἵ

1137 2352 1298 2413 utus
1335 2345 1434 2417 ait
1465 2351 1811 2445 putabam
1840 2352 2207 2425 ostendere
2230 2363 2265 2419 8
2392 2366 2675 2451 praeter
2708 2330 3125 2420 ueteranum
3162 2338 3197 2393 ¹¹
3226 2400 3265 2414 ..

1135 2478 1212 2528 re
1269 2482 1524 2557 magna
1601 2493 1767 2567 pars
1807 2468 2190 2541 iuuentutis
2236 2470 2659 2571 sequebatur
2707 2524 2724 2539 .
2790 2465 3083 2541 Idcirco
3130 2466 3269 2537 hoc

1137 2570 1216 2643 in
1271 2585 1544 2679 scripto
1602 2566 2001 2661 tufaceres
2058 2587 2253 2663 idem
2310 2588 2512 2691 quod
2568 2591 2807 2689 pictor
2854 2588 2979 2689 qui
3054 2611 3265 2659 num-

1135 2716 1358 2789 quam
1401 2692 1668 2798 equom
1714 2702 1965 2807 pingei
2006 2764 2023 2779 .
2063 2766 2080 2779 .
2118 2736 2251 2808 pro
2296 2767 2312 2782 .
2352 2768 2371 2783 .
2410 2766 2429 2781 .
2462 2705 2503 2761 Β
2535 2710 2767 2814 pingit
2801 2764 2819 2781 .
2892 2706 3269 2804 Iugurthae

1141 2808 1375 2889 forma
1415 2819 1773 2900 eiusmodi
1808 2838 1919 2901 eat
1954 2824 1990 2891 4
2018 2883 2034 2899 .
2079 2828 2134 2871 “
2170 2832 2315 2921 Qui
2355 2830 2475 2905 uhi
2530 2832 2853 2932 primum
2904 2827 3269 2918 adoleuit,

1140 2983 1196 3025 „
1253 2935 1532 3033 pollens
1565 2946 1835 3021 uiribus
1864 3004 1886 3042 ‚
1944 2948 2203 3027 decora
2244 2950 2419 3025 facie
2444 3006 2466 3045 ‚
2520 2954 2642 3026 sed
2682 2951 2913 3025 multo
2958 2950 3269 3023 maxime

1137 3102 1189 3143 ‚‚
1246 3052 1524 3153 ingenio
1559 3062 1839 3141 ualidus
1868 3124 1891 3161 .,
1940 3094 2088 3143 non
2118 3096 2191 3142 se
2224 3069 2399 3145 luxu
2452 3098 2679 3175 neque
2726 3072 3013 3147 inertiae
3046 3061 3071 3117 ¹
3114 3094 3269 3141 cor-

1143 3204 3265 3247 Ἣ

1295 3282 1329 3314 ⁴⁵
1375 3282 1478 3351 Μ.
1518 3287 1692 3372 Quid
1718 3306 1817 3357 est
1850 3290 2199 3379 epanafora
2238 3342 2257 3361 .

1137 3428 3255 3469 mmm—m...-

1201 3531 1238 3563 α
1273 3510 1394 3562 cod.
1428 3516 1836 3570 commissam.
1906 3517 1937 3568 h
1972 3520 2154 3586 supple
2196 3538 2404 3589 quatuor
2443 3514 2701 3575 uertic'uloa
2720 3563 2734 3580 .
2802 3544 2833 3575 c
2856 3528 3045 3594 Supple
3082 3531 3181 3580 duo
3196 3530 3257 3582 fe-

1134 3602 1190 3639 m
1218 3585 1390 3633 uerba.
1447 3583 1485 3632 d
1511 3586 1694 3653 Snpple
1715 3586 1878 3637 adhue
1914 3588 2013 3638 duo
2032 3592 2133 3641 fere
2158 3594 2327 3644 uerba.
2387 3613 2412 3643 e
2441 3596 2513 3644 Ita
2550 3596 2655 3646 eod.
2686 3612 2729 3649 1.
2750 3596 2921 3662 m30ed
2948 3614 2995 3647 2.
3014 3602 3231 3659 Salhueii
3244 3644 3257 3655 .

1116 3652 1172 3729 f
1226 3652 1411 3719 Supple
1449 3674 1600 3705 unum
1635 3660 1840 3709 uerbum
1867 3698 1878 3710 .
1946 3678 1987 3731 g
2024 3664 2206 3729 Supple
2242 3662 2341 3714 duo
2376 3664 2473 3715 fere
2514 3668 2695 3719 uerba.
2764 3670 2798 3717 Ιι
2834 3670 3023 3736 Supple
3062 3690 3155 3723 trec
3185 3694 3257 3727 nt

1126 3741 1343 3796 ‚quatuor
1375 3726 1580 3782 litteras.
1653 3730 1674 3777 ἱ
1708 3732 1893 3797 supple
1918 3750 2071 3782 unum
2098 3736 2300 3785 uerbum
2321 3773 2333 3785 .
2401 3734 2431 3785 k
2468 3740 2653 3804 Supple
2668 3740 3006 3809 quinquefeoe
3046 3750 3255 3795 nen-nien·-

1129 3797 1203 3851 lo·
1227 3837 1240 3849 .
1309 3795 1330 3844 l
1377 3796 1496 3847 eod.
1555 3800 1699 3881 addit·
1726 3818 1881 3871 neque
1918 3839 1933 3863 ,
1972 3807 2109 3873 quati
2158 3806 2289 3857 aliud
2342 3824 2519 3859 nomen
2554 3826 2834 3879 sequeretur
2868 3848 2885 3874 ‚
2936 3814 3079 3883 qnod
3114 3834 3256 3869 nmen

1127 3886 1297 3937 mpoe
1333 3868 1526 3919 nullum
1565 3886 1816 3941 nequatur.
2372 3884 2377 3891 ’
2486 3888 2493 3895 ”

1211 4074 1233 4111 ι
1284 4054 1514 4114 Sallust.
1549 4062 1675 4118 Cat.
1719 4080 1842 4138 cap.
1888 4062 1964 4123 V.
2310 4066 2347 4125 3
2381 4066 2502 4127 Cio.
2542 4068 2685 4129 ibid.

1199 4155 1236 4200 2
1281 4139 1401 4199 Cic.
1437 4161 1552 4221 pro
1583 4142 1783 4203 Coelio
1828 4166 1955 4225 cap.
2000 4146 2105 4210 Vl.
2313 4150 2353 4219 1
2392 4153 2653 4232 Iugur-th.
2699 4176 2824 4237 cap.
2870 4159 2979 4223 Vl.

1857 4324 1866 4381 ί
