3384 5134
5 3876 31 4492 Χ

14 4479 79 5105 Χ

1013 491 1152 540 voc
1162 490 1553 543 ,teutonum
2201 465 2348 571 357

389 579 719 640 Pultionem
754 593 811 638 et
844 580 1153 639 fulturam.
1202 584 1440 656 Euhie,
1477 586 1616 642 dum
1655 581 1755 640 fit.
1792 582 2057 655 fultura,
2094 603 2226 643 cum
2255 587 2344 644 fa-

227 686 316 734 eta
355 690 471 734 est.

391 771 673 828 Ieiunium
693 783 751 830 et
784 772 1145 831 ieiunitatem
1176 815 1190 830 .
1228 774 1547 846 Ieiunium,
1574 774 1698 833 dies
1733 785 1849 832 est=
1878 772 2180 846 ieiunitas,
2225 772 2343 835 cibi

224 868 597 927 abstinentia.

388 967 693 1045 Elinguem
738 981 793 1025 et
846 966 1203 1043 elinguatum
1224 1011 1238 1024 .
1263 967 1525 1045 Elinguis
1561 968 1739 1029 habet
1770 967 2064 1047 linguam,
2094 968 2202 1028 sed
2233 989 2342 1028 usu

220 1063 344 1123 eius
378 1079 563 1123 caret:
612 1066 938 1144 elinguatus
985 1065 1212 1122 amisit.

386 1164 753 1243 suspicacem
788 1176 845 1222 et
899 1163 1275 1242 suspiciosum
1305 1204 1320 1219 .
1386 1163 1661 1242 Suspicax
1705 1163 1933 1241 arguit=
1990 1164 2338 1245 suspiciosus

218 1258 455 1337 recipit.

316 1439 319 1444 Ι
388 1355 737 1415 Restiarium
770 1368 828 1415 et
868 1357 1212 1415 restionem.
1258 1355 1582 1417 Restiarius
1636 1355 1734 1434 qui
1776 1355 1954 1415 sacitz
2020 1357 2197 1416 restio
2238 1357 2340 1436 qui

219 1457 456 1513 uendit.

384 1558 694 1613 Auster-um
761 1567 817 1612 et
853 1574 1146 1613 seuerum.
1192 1555 1469 1613 Austerus
1502 1575 1706 1632 graeca
1760 1555 2206 1616 consuetudines
2241 1572 2341 1612 se-

224 1671 397 1710 uerus
431 1673 462 1708 a
499 1673 697 1711 saeuo.

388 1752 790 1829 Eloquentiam
835 1765 892 1808 et
927 1751 1255 1830 eloquium.
1312 1750 1651 1826 Eloquentia
1697 1751 1958 1829 perfecta
1993 1749 2082 1809 uis
2114 1747 2339 1808 oratio-

220 1851 348 1908 nis=
393 1849 684 1927 eloquium
726 1869 861 1925 pars
892 1848 1186 1924 supposita
1224 1849 1521 1905 commode
1577 1846 1919 1925 eloquendi.

387 1944 735 2003 seruitutem
772 1956 828 1999 et
873 1943 1204 2000 seruitium.
1257 1941 1514 2004 Seruitus
1560 1956 1646 2001 est
1718 1942 1826 2001 sub
1874 1941 2140 2000 domino:
2185 1940 2342 2001 serui

222 2041 501 2125 patientia
536 2041 835 2100 seruitium
881 2040 1045 2097 facit.
2222 2051 2236 2056 ·

389 2138 895 2214 Uituperationem
954 2149 1011 2194 et
1066 2137 1457 2214 culpationem
1488 2180 1503 2192 .
1570 2133 1945 2214 Uituperatio
1987 2135 2195 2194 uitium
2225 2155 2340 2214 pa-

236 2247 331 2293 rat
362 2243 449 2309 (a)
478 2257 490 2288 ε
518 2232 777 2309 culpatio
812 2252 842 2288 a
867 2231 1041 2310 culpa
1071 2233 1309 2310 incipit.

392 2331 704 2389 Nominat-e
748 2341 803 2386 et
852 2328 1184 2406 appellare.
1245 2328 1578 2387 Nominatio
1630 2327 1888 2386 nominat
1922 2345 2092 2404 quem
2127 2324 2342 2402 appel-

224 2427 343 2486 lat.
389 2426 727 2506 Appellatio
774 2425 1123 2503 appellantis
1174 2445 1288 2482 uox
1335 2437 1418 2482 est
1461 2425 1521 2481 in
1571 2423 1923 2492 ministerio;
1968 2432 2027 2480 et
2075 2421 2340 2498 appellat

225 2524 333 2606 uel·
357 2545 388 2582 a
420 2523 751 2603 potentiore
802 2535 1044 2600 propter
1076 2520 1347 2579 iniuriam
1368 2565 1391 2593 ,
1430 2533 1496 2578 ut
1526 2520 1762 2579 inuocat
1810 2519 2092 2576 auxilium
2147 2517 2338 2595 magi-

217 2634 471 2688 stratus,
514 2616 610 2675 uel
645 2637 772 2675 cum
806 2617 1109 2694 pecuniam
1150 2616 1459 2693 reposcit:

395 2717 527 2776 Tris
550 2714 640 2788 (b)
675 2728 731 2772 et
764 2727 915 2772 tres.
960 2714 1095 2773 Tris
1128 2713 1191 2770 in
1230 2712 1555 2773 accusatiuo
1591 2733 1758 2771 casu:
1783 2724 1896 2769 tres
1934 2709 1996 2771 in
2025 2709 2344 2769 nominati-

226 2837 302 2874 uo
338 2828 395 2872 et
429 2813 699 2872 uocatiuo
720 2853 732 2866 .
2249 2791 2258 2798 ¹

390 2908 800 2969 Necessitatem
846 2919 902 2964 et
935 2907 1419 2966 necessitudinem
1444 2949 1459 2964 .
1504 2906 1883 2966 Necessitudo
1916 2905 2012 2965 uel
2047 2902 2344 2982 sanguinis

224 3008 317 3066 uel
358 3008 693 3065 meritorum
729 3025 859 3088 cum
895 3004 1413 3082 praeceptoribus,
1451 3025 1579 3062 cum
1603 3005 1834 3063 amicis.
1877 3003 2199 3062 Necessitas
2234 2999 2344 3058 im*

226 3107 523 3167 mutabilis
565 3126 657 3163 res
699 3119 820 3175 est,
872 3117 935 3162 ut
976 3104 1124 3162 mori
1158 3104 1514 3163 necessitatis
1552 3116 1661 3160 est.

388 3206 592 3263 Serum
634 3215 694 3261 et
760 3221 889 3260 sero
911 3242 926 3256 .
978 3204 1181 3262 Serum
1248 3202 1326 3259 ad
1382 3200 1683 3278 negotium
1724 3195 2016 3277 pertinet:
2060 3214 2192 3253 sero
2259 3191 2341 3249 ad.

227 3317 491 3380 tempus.

390 3402 579 3457 Decus
603 3411 656 3455 et
680 3398 952 3476 gloriam.
1010 3399 1199 3456 Decus
1230 3409 1318 3455 est
1350 3395 1798 3454 instrumentum
1843 3391 2151 3470 cuiusque:
2199 3388 2337 3468 glo-

225 3499 312 3558 ria
354 3495 514 3574 quasi
547 3495 783 3566 bononis
820 3514 1067 3554 merces.

389 3595 681 3652 Honorem
705 3607 763 3651 et
794 3594 1026 3652 laudem
1047 3637 1061 3650 .
1082 3595 1283 3652 Honor
1318 3590 1621 3668 dignitatis
1647 3586 2056 3654 consummatio
2080 3585 2174 3645 uel
2207 3586 2340 3666 pri-

228 3691 405 3750 uatim
448 3689 541 3747 uel
577 3689 840 3768 publice:
875 3689 1003 3747 laus
1036 3687 1289 3747 secunda
1325 3686 1674 3745 existimatio
1710 3698 1868 3743 recte
1899 3686 2220 3743 sactorum.

338 3787 649 3846 Familiare
684 3799 742 3846 et
771 3787 1169 3847 familiarium.
1214 3783 1526 3843 Familiare
1556 3783 1635 3840 ad
1667 3783 1964 3841 dominum
1995 3799 2114 3838 non
2146 3778 2338 3838 reser-

282 4003 319 4035 a
357 3987 435 4037 Ita
458 3983 511 4035 P.
549 3986 769 4052 optime.
804 3984 928 4034 Nam
960 3985 1205 4034 Donata·
1227 3979 1291 4032 ad
1328 3983 1440 4034 Ten
1475 3978 1631 4028 Andr.
1669 3977 1796 4046 prol.
1839 3979 1902 4029 15
1938 3976 2228 4047 iu'mperant
2261 3995 2355 4026 ex·-

252 4059 368 4182 neg
395 4056 583 4179 12:231:
615 4057 687 4107 νει·
712 4065 929 4128 parant.
964 4057 1101 4109 Aliae
1149 4053 1385 4104 editiones
1417 4067 1623 4103 cunctae
1648 4051 1827 4123 parit.
1865 4053 2001 4102 Butt-
2089 4045 2120 4098 b
2155 4047 2351 4106 Pausula-
