3384 5134
601 2082 874 2139 muniri
895 2088 967 2138 m
1048 2059 1060 2074 ⁸

589 2158 828 2209 comer.
849 2158 963 2209 VA-

591 2228 830 2281 'nemo
853 2260 868 2275 .

1609 320 1644 333 θ

1087 392 1228 499 176
1790 412 1838 464 A
1870 414 1914 463 n
1992 416 2032 463 u
2076 414 2118 463 ε
2156 418 2201 465 n
2232 414 2277 463 u
2322 412 2376 461 κ

1075 535 1148 594 te
1193 510 1633 591 cumulatam
1665 536 1913 613 parem
1966 512 2263 610 gratiam
2300 540 2320 580 ε
2372 532 2674 610 possum
2724 512 2869 587 iam
2912 517 3002 595 de
3060 528 3213 603 usta

1072 640 1264 713 laeto
1298 632 1542 707 animo
1583 629 1923 707 excedere
1951 686 1972 722 ,
2024 656 2281 730 magno
2316 655 2573 730 operae
2608 645 2639 680 ²
2674 659 2873 710 meae
2904 647 3145 741 pretio
3178 641 3214 695 b

1071 773 1418 864 percepto
1444 812 1468 851 ‚
1515 778 1914 854 magnoque
1966 766 2437 826 monumento
2480 752 2570 825 ad
2630 768 2983 833 aeternam
3040 764 3209 861 glo-

991 865 1008 879 ·
1073 881 1254 955 riam
1289 876 1588 951 relicto.
1645 874 2064 971 Magistrum
2111 898 2227 944 me
2286 872 2487 944 tuum
2544 870 2758 946 fuisse
2792 892 2915 952 aut
2968 885 3215 957 sciunt

1073 1027 1322 1087 omnes
1373 996 1703 1072 homines
1748 1007 1873 1067 aut
1920 995 2347 1095 opinantur,
2400 1007 2523 1066 aut
2578 995 2788 1069 uobis
2844 1002 3157 1075 credunt
3192 1060 3209 1075 .

1067 1112 1289 1215 Quod
1321 1117 1658 1219 equidem
1695 1114 1985 1216 parcius
2020 1112 2359 1187 mihimet
2402 1112 2815 1211 adrogarem
2840 1170 2859 1206 ,
2896 1120 3033 1191 nisi
3074 1150 3212 1195 uos

1063 1239 1258 1315 ultro
1292 1236 1800 1339 praedicaretis
1824 1247 1845 1281 ¹
1866 1268 1887 1305 e
1916 1226 2085 1337 [id]
2118 1234 2461 1335 quoniam
2492 1226 2677 1333 [uos
2704 1238 3203 1351 praedicatis]

1061 1387 1193 1460 ego
1227 1384 1502 1461 nequeo
1537 1383 1788 1455 negare
1824 1411 1843 1427 .
1898 1354 2201 1429 Bellicae
2225 1356 2441 1453 igitur
2476 1368 2634 1427 tuae
2654 1354 2882 1430 laudis
2920 1374 2993 1431 et
3024 1361 3213 1435 ado-

1064 1481 1205 1553 riae
1239 1476 1513 1552 multos
1546 1475 1770 1551 habes
1811 1474 2311 1563 administrOS,
2360 1473 3211 1579 multaquearmatorum

1063 1597 1263 1672 milia
1299 1597 1612 1698 undique
1655 1597 1971 1694 gentium
2012 1594 2237 1666 accita
2280 1580 2662 1667 uictoriam
2706 1595 2837 1668 tibi
2869 1597 3211 1673 adnitun-

1061 1732 1178 1795 tur
1211 1734 1282 1793 et
1327 1718 1674 1792 adiubant
1714 1728 1744 1763 ‘²
1786 1750 1804 1787 ε
1856 1714 2266 1815 eloquentia
2322 1708 2559 1814 [uero
2594 1708 2629 1815 ]
2688 1716 2914 1789 ausim
2962 1718 3211 1793 dicere

1057 1866 1220 1917 meo
1261 1840 1487 1917 ductu
1511 1894 1536 1931 ,
1585 1840 1847 1913 Caesar
1878 1892 1899 1929 ‚
1952 1862 2261 1937 meoque
2303 1835 2623 1935 auspicio
2672 1850 2833 1909 nata
2869 1852 3019 1911 est.
3064 1896 3084 1910 .
3120 1898 3141 1911 .
3168 1834 3213 1889 «1

1469 2136 1489 2151 .
1545 2078 1780 2180 spolia
1840 2135 1859 2151 .
1919 2136 1938 2152 .
1994 2135 2015 2151 .
2072 2134 2092 2151 .
2142 2083 2297 2179 regi
2369 2052 2801 2153 Parthorum
2862 2098 3211 2181 prompte

1063 2216 1136 2277 et
1179 2202 1485 2300 grauiter
1521 2200 1959 2298 respondisti
1984 2212 2018 2251 ²
2058 2256 2076 2272 .
2130 2196 2421 2273 Scilicet
2450 2196 2595 2272 hoc
2636 2213 2705 2271 te
2756 2226 2795 2271 a
2833 2202 3205 2277 centurio-

1055 2321 1267 2397 nibus
1316 2320 1431 2395 uel
1494 2319 2068 2421 primipilaribus
2160 2300 2692 2416 elegantissimis
2750 2316 3207 2393 altercatori-

1055 2442 1192 2519 bus
1221 2498 1245 2538 ‚
1298 2432 1706 2518 didicisse?
1753 2440 2067 2513 Dausara
2110 2450 2155 2521 ,θ
2210 2454 2281 2511 et
2324 2436 2821 2538 Nicephorum
2863 2430 2898 2489 3
2934 2454 3005 2511 et
3060 2442 3213 2513 Ar·-

1057 2574 1293 2635 taxata
1349 2560 1575 2633 ductu
1611 2560 2078 2659 auspicioque
2112 2571 2237 2629 tuo
2290 2558 2509 2635 armis
2542 2571 2759 2657 capta
2812 2572 3013 2631 sunt:
3075 2560 3211 2635 sed

1051 2704 1294 2752 arcem
1321 2677 1674 2752 munitam
1708 2693 1782 2752 et
1807 2678 2155 2755 inuictam
2188 2692 2263 2751 et
2293 2676 2909 2779 inexpugnabilem
2938 2732 2960 2767 ‚
3014 2705 3209 2779 quae

1052 2797 1130 2873 in
1165 2793 1402 2869 fratris
1435 2794 1543 2867 tui
1587 2808 1889 2894 pectore
1926 2797 2056 2870 sita
2088 2811 2229 2886 est,
2280 2794 2373 2870 ad
2420 2820 2685 2869 nomen
2738 2795 3162 2872 Armeniaci
3188 2850 3211 2884 ,

1053 2913 1255 3017 quod
1299 2931 1759 2991 recusauerat
1780 2912 2269 2996 “sumendum
2301 2971 2322 3007 ,
2373 2914 2534 3015 quis
2590 2912 2770 2987 alius
2814 2940 3033 3015 quam
3084 2928 3213 3005 tu,

1051 3050 1176 3116 aut
1191 3034 1450 3138 quibus
1471 3032 1627 3115 aliis
1654 3050 1733 3110 tu
1754 3062 1971 3139 quam
1990 3035 2429 3139 eloquentiae
2454 3034 2688 3134 copiis
2704 3034 3007 3109 adortus
3024 3060 3110 3107 es
3126 3028 3213 3109 5?

1067 3208 1155 3289 ‘a
1187 3238 1505 3309 Cod.0pere.
1577 3238 1606 3290 ὃ
1644 3239 1768 3293 Cod.
1802 3242 2025 3315 praetio.
2092 3258 2122 3290 c
2158 3240 2234 3289 Ita
2268 3238 2377 3289 eod.
2450 3236 2492 3287 d
2526 3238 2711 3287 Pontica
2744 3237 2917 3306 pagiua
2960 3252 3207 3304 nequem.

1048 3311 1144 3374 4³¹
1189 3326 1288 3363 ton
1325 3314 1602 3365 oblimet-n
1643 3328 1753 3365 eut.
1824 3332 1853 3362 e
1890 3311 2016 3367 eod.
2052 3318 2381 3363 Dmamm.

1137 3502 1157 3537 1
1211 3482 1354 3538 Rem
1377 3480 1450 3539 de
1482 3501 1541 3539 se
1575 3492 1821 3539 testatur
1856 3483 2080 3540 Marcus
2246 3482 2280 3547 4
2328 3478 2471 3534 Rem
2513 3488 2713 3533 narrat
2742 3474 3112 3552 Capitolinus
3146 3476 3205 3531 in

1049 3562 1124 3620 de
1156 3562 1276 3621 reb.
1313 3564 1356 3620 l.
1391 3564 1477 3621 13.
2165 3564 2361 3640 Marco
2398 3580 2524 3635 cap.
2564 3580 2734 3617 vnn.

1127 3666 1159 3703 2
1206 3645 1348 3703 Veri
1383 3643 1604 3703 litteras
1641 3646 1720 3704 ad
1736 3646 2081 3705 Parthorum
2244 3642 2281 3701 5
2322 3639 2686 3718 Capitolinus
2732 3640 2795 3697 in
2856 3638 3017 3699 Vero
3072 3662 3201 3721 cap.

1043 3744 1242 3801 regem
1263 3742 1534 3785 memorat
1567 3731 1837 3787 Nazarius
1871 3750 2079 3807 paneg.
2170 3748 2289 3785 vm
2314 3726 2553 3785 zhabaeu‘t
2622 3726 2774 3783 hanc
2820 3734 3203 3784 mua-etnim

1043 3808 1124 3866 ad
1157 3811 1516 3868 constantin.
1555 3830 1678 3888 cap.
1702 3834 1923 3881 nun,
1954 3826 2075 3868 tum
2156 3815 2353 3872 Marci
2394 3814 2580 3867 Verus
2613 3851 2633 3878 ,
2688 3820 2755 3865 ut
2782 3811 3021 3865 munina
3048 3830 3205 3885 quac

1043 3892 1222 3949 etiam
1239 3894 1456 3950 Fronto
1473 3893 1534 3952 in
1547 3893 1855 3972 principiis
1886 3895 2077 3955 histo-
2156 3896 2275 3952 sibi
2306 3892 2507 3953 delata
2511 3894 2811 3970 saer-ant,
2842 3889 3203 3964 catast-alm

1041 3973 1163 4033 n‘ae
1194 4021 1210 4035 .
2162 3982 2599 4035 comanitas-et
2683 3973 2786 4034 die
2860 3976 3151 4050 triumplu*
3176 4014 3197 4044 0

1127 4061 1164 4125 4
1201 4058 1345 4118 Aliis
1378 4064 1787 4140 Nicephorium
1806 4104 1822 4133 ,
2164 4078 2327 4139 qum
2348 4066 2580 4141 paritet·
2608 4058 3015 4121 celebrarunt.

3366 3811 3374 3856 -,,
3344 3151 3369 3738 ..ἐ-ὴν...
3354 3035 3365 3124 -
3349 2819 3367 2974 ·—-
