3384 5134
637 3440 992 3585 *Q'.v11.

1080 462 1180 563 76
1505 555 1510 562 ί
1638 479 1788 532 ΙΑι)
1865 476 1975 529 Μ·
2061 474 2593 531 CAESAREM

1075 566 1226 654 oria
1263 605 1392 679 per
1423 632 1441 649 .
1470 632 1491 648 .
1516 632 1535 649 .
1561 576 1748 651 Uale
1779 580 1942 649 mi..
1966 602 2052 649 ne
2080 632 2124 648 ..
2153 588 2223 651 et
2250 577 2532 675 optime
2563 629 2610 646 ..
2635 564 2911 687 opti-me
2948 582 3198 650 orator*

1076 700 1186 777 sic
1220 725 1297 773 m
1338 754 1359 770 .
1390 754 1407 771 .
1442 698 1713 775 uenisse
1741 695 2010 795 gaudeo
2041 749 2060 766 .
2106 696 2424 769 Domina
2479 718 2639 767 mea
2670 708 2737 767 te
2781 693 3040 768 salutat
3075 750 3126 801 ,Ι

1727 964 1914 1013 x111.
2003 960 2294 1009 Domino
2345 956 2500 1005 MEO
2539 984 2560 1001 0

1276 1178 1489 1267 Quou
1528 1174 1758 1274 poetis
1792 1196 2208 1247 concessum
2239 1185 2344 1245 est
2377 1173 2851 1273 ὄνομὶατοποιαῒν
2875 1226 2899 1267 ‚
2923 1170 3140 1246 uerba
3171 1187 3204 1223 ⁸

1071 1322 1254 1369 noua
1306 1296 1561 1393 fingere
1586 1351 1610 1389 .,
1666 1321 1812 1394 quo
1869 1292 2141 1366 facilius
2171 1289 2372 1391 quod
2409 1292 2727 1364 sentiunt
2755 1292 3160 1397 exprimant
3181 1348 3208 1387 ‚

1068 1414 1148 1486 id
1180 1414 1354 1485 mihi
1403 1415 1878 1489 necessarium
1904 1425 2013 1489 est
2065 1410 2159 1481 ad
2191 1406 2228 1459 b
2263 1408 2607 1505 gaudium
2667 1434 2910 1488 meum
2937 1436 3209 1511 expro-

1070 1532 1414 1609 mendum
1456 1591 1473 1606 .
1530 1536 1719 1608 Nam
1773 1534 2001 1607 solitis
2051 1544 2123 1602 et
2185 1528 2466 1603 usitatis
2532 1528 2773 1603 uerbis
2823 1558 2968 1605 non
3045 1560 3212 1605 sum

1072 1664 1445 1727 contentus
1472 1688 1491 1724 ε
1544 1656 1645 1727 ita
1709 1648 2141 1753 a[man]tius
2189 1647 2461 1747 gaudeo
2491 1702 2512 1742 ‚
2571 1668 2791 1747 quam·
2826 1662 2905 1721 ut
2927 1660 3213 1726 sermo-

1073 1796 1162 1841 ne
1196 1770 1482 1869 uolgato
1516 1771 1902 1871 significare
1941 1771 2282 1843 laetitiam
2323 1768 2546 1875 animi
2587 1770 2732 1841 mei
2752 1771 3068 1869 pessime,
3100 1786 3217 1848 tot

1074 1889 1251 1961 mihi
1280 1917 1319 1963 a
1348 1904 1412 1963 te
1444 1894 1515 1963 in
1530 1906 1681 1965 tam
1693 1885 1982 1991 pau[cis
2005 1888 2251 1961 diebus
2279 1884 2310 1989 ]
2341 1886 2679 1987 epistulas
2693 1890 3025 1989 scriptaS,
3063 1918 3218 1964 eas·-

969 2061 977 2071 .
1078 2032 1217 2106 que
1240 2024 1391 2083 tam
1426 2010 1774 2110 eleganter
1809 2066 1830 2105 ‚
1889 2024 2040 2081 tam
2067 2008 2295 2079 amice
2319 2062 2342 2101 .,
2399 2020 2551 2078 tam
2571 2008 2870 2103 blande,
2929 2024 3079 2084 tam
3109 2012 3220 2083 ef·-

1077 2128 1232 2203 fuse
1256 2186 1279 2226 .,
1337 2146 1485 2204 tam
1524 2132 1905 2229 fraglanter
1923 2131 2377 2230 conpositast,
2448 2152 2620 2201 cum
2651 2129 2839 2202 clam
2871 2144 2985 2204 tot
3003 2158 3223 2228 nego-

1081 2250 1237 2344 tiis,
1264 2266 1445 2351 quot
1474 2264 1505 2299 ‘²
1540 2251 1797 2327 officiis
1827 2304 1850 2342 ‚
1887 2264 2068 2349 quot
2089 2242 2128 2299 ‘¹
2156 2244 2620 2321 rescribendis
2651 2274 2779 2347 per
2809 2250 3228 2349 prouincias

1080 2370 1335 2446 litteris
1372 2373 1874 2468 destringerere
1910 2382 1941 2416 θ
1966 2423 1984 2440 .
2041 2372 2142 2441 At
2189 2368 2380 2441 enim
2413 2393 2927 2468 proposueram
2965 2400 2988 2465 ς
3039 2372 3224 2445 nihil

1082 2492 1277 2563 enim
1310 2492 1511 2563 mihi
1548 2518 1588 2564 a
1616 2503 1685 2561 te
1760 2489 2129 2562 occultum
2183 2501 2306 2561 aut
2357 2487 2898 2562 dissimulatum
2927 2491 3230 2563 retinere

1084 2608 1188 2681 fas
1214 2623 1366 2702 este,
1421 2610 1522 2682 ita
1549 2665 1570 2703 .,
1626 2610 1919 2708 inquam
1945 2662 1965 2700 .,
2011 2630 2530 2705 proposueram
2563 2606 2678 2678 uel
2718 2605 3028 2680 desidiae
3069 2606 3226 2681 cul-

1084 2754 1261 2827 pam
1286 2742 1418 2801 ate
1453 2728 1687 2802 subire
1724 2725 1946 2799 rarius
1971 2722 2351 2797 scribendo
2389 2722 2564 2816 tibi,
2621 2723 2862 2823 potius
2901 2752 3120 2825 quam
3155 2742 3230 2797 te

1091 2848 1335 2922 multis
1373 2850 1584 2923 rebus
1654 2858 2094 2945 occupatum
2135 2842 2456 2945 epistulis
2505 2845 2682 2917 meis
2713 2870 3116 2936 onerarem,
3151 2860 3232 2917 et

1098 2966 1192 3039 ad
1215 2968 1752 3040 rescribendum
1777 2987 2252 3065 prouocarem
2291 2991 2313 3055 ς
2375 2952 2601 3066 quom
2632 2978 2706 3035 tu
2737 2964 3002 3037 cotidie
3033 2964 3232 3037 ultro

1092 3085 1443 3185 scripsisti
1476 3086 1700 3159 mihi.
1757 3080 1898 3155 Sed
1926 3079 2102 3181 quid
2133 3078 2304 3151 dico
2333 3070 2650 3152 ¹'cotidie
2671 3074 2711 3155 ?
2741 3109 2905 3180 ergo
2935 3084 3078 3155 iam
3103 3086 3228 3159 hic

1095 3202 1277 3275 mini
1334 3198 1826 3295 e’voparootoai‘ae
1859 3212 1896 3271 S
1959 3226 2140 3301 opus
2191 3212 2350 3273 est.
2407 3200 2594 3273 Nam
2658 3204 2926 3276 cotidie
2977 3204 3167 3278 foret
3198 3262 3225 3301 ‚

1092 3322 1155 3396 si
1211 3318 1518 3419 singulas
1574 3346 1661 3418 ep
1674 3319 1920 3393 istulas
2003 3347 2132 3421 per
2191 3318 2340 3391 dies
2401 3320 2718 3418 singulos
2771 3324 3224 3423 scripsisses3

1098 3468 1324 3541 quom
1362 3465 1530 3511 uero
1556 3440 1792 3537 plures
1819 3438 2156 3541 epistulae
2189 3438 2328 3510 sint
2359 3464 2584 3537 quam
2625 3440 2773 3513 dies
2803 3418 2886 3537 ὦ,
2925 3444 3232 3518 uerbum

1096 3560 1291 3635 istud
1328 3558 1627 3632 cottidie
1659 3552 1701 3607 ¹¹
1737 3563 1972 3635 minus
2000 3560 2348 3657 significat
2383 3614 2401 3629 .
2459 3561 2612 3633 Nec
2651 3574 2758 3634 est
2791 3617 2814 3656 .,
2866 3558 3180 3637 D'omine
3205 3622 3229 3660 ‚

1103 3678 1303 3781 quod
1336 3677 1517 3749 mihi
1555 3678 1828 3757 tristior
1857 3680 1996 3774 sis,
2057 3703 2190 3750 cur
2238 3680 2532 3752 omnino
2603 3683 2868 3755 ueritus
2931 3684 3072 3757 sim
3149 3712 3236 3757 ne

1108 3800 1237 3875 tibi
1276 3798 1555 3871 litterae
1586 3823 1784 3874 meae
1825 3799 2218 3874 crebriores
2245 3800 2474 3873 oneris
2529 3795 2548 3849 i
2579 3816 2808 3875 essent
2838 3836 2855 3873 ε
2881 3829 3051 3877 nam
3089 3828 3234 3903 quo

1126 3997 1133 4005 ’
1172 4021 1208 4073 q.
1243 3999 1671 4054 Cod.bu1aerba
1741 4000 1771 4051 b
1807 4000 1928 4051 Cod.
1947 4011 2028 4053 at.
2082 4017 2111 4049 c
2146 3996 2265 4053 Cod.
2299 3998 2460 4069 qluod
2524 4000 2562 4051 d
2594 4000 3240 4071 Cod.q1wd.Numum-o-·

1107 4092 1205 4143 que
1190 4060 1333 4121 loco
1367 4072 1675 4121 scribendum
1703 4079 1813 4123 tot?
1881 4089 1924 4119 e·
1943 4072 2018 4122 Ita
2041 4070 2146 4119 cod
2183 4084 2231 4118 2.
2271 4089 2451 4131 numu
2485 4086 2535 4121 at
2573 4088 2618 4121 ι.
2657 4072 2807 4126 desto-i
2787 4090 2991 4143 angere.
3044 4070 3238 4147 meL

1106 4152 1238 4223 qnod
1270 4168 1399 4222 ego,
1438 4151 1602 4202 altem
1641 4169 1683 4202 1.
1703 4170 1891 4203 mann.
1961 4176 1996 4225 g
2027 4152 2146 4204 Cod⁴
2179 4162 2672 4229 ονοματοποιας.
2745 4152 2779 4199 ἡ
2813 4153 2890 4203 lu
2921 4152 3029 4204 cod.
3063 4171 3112 4205 nt
3149 4156 3240 4205 ali-

1109 4229 1165 4286 bi
1190 4246 1279 4299 per
1314 4230 1579 4283 unicamt.
1631 4231 1652 4278 ἰ
1690 4232 1765 4281 Ita
1793 4230 1903 4285 eod.
1927 4266 1941 4293 ,
1965 4248 2066 4284 non
2091 4249 2264 4287 onen-
