3384 5134
1067 434 1212 530 1'54
1495 457 1590 508 An
1668 452 2155 505 aum-omanu-
2202 448 2749 509 rupen-ronta

1057 554 1292 633 benda
1329 610 1349 626 .
1381 554 1561 627 Dein
1593 564 1876 625 senatus
1904 548 2057 622 dies
2106 550 2507 625 intercessit
2534 608 2555 647 ‚
2594 566 2667 623 et
2708 552 2785 623 iu
2818 565 3064 626 senatu
3096 550 3201 625 la-

1055 677 1197 751 bor
1227 700 1310 748 eo
1351 672 1636 771 grauior
1681 683 2069 770 perceptus
2107 725 2129 762 .,
2174 666 2374 770 quod
2413 693 2585 744 cum
2610 670 2879 768 gaudio
2928 670 3145 745 simul
3172 682 3207 717 ⁸

1055 794 1268 868 altius
1321 803 1810 895 penetrauerat
1861 844 1887 883 .‚
1932 788 2033 860 ita
2072 802 2157 861 ut
2195 813 2369 862 cum
2442 786 2595 863 sole
2646 802 2898 863 uentus
2930 844 2951 859 .
3000 790 3206 861 Nunc

1055 916 1236 991 haec
1283 910 1588 1014 epistula
1627 909 1827 1011 quod
1884 936 2035 984 non
2074 936 2207 985 suo
2244 924 2577 1013 tempore
2626 925 2917 1011 praesto
2970 909 3208 984 adfue-

1055 1038 1192 1131 rit,
1233 1036 1522 1112 ueniam
1555 1034 1634 1109 in
1671 1022 2137 1109 relationibus
2168 1034 2503 1109 usitatam
2530 1036 2777 1134 poscit
2801 1091 2824 1132 ‚
2860 1061 2950 1109 ne
2982 1032 3212 1109 fraudi

1057 1156 1156 1231 sit
1201 1168 1222 1205 ¹
1255 1212 1278 1229 .

1263 1277 1514 1369 Quom
1560 1274 1811 1376 accepi
1864 1273 2136 1353 litteras
2196 1292 2353 1353 tuas
2380 1332 2405 1371 ‚
2466 1278 2567 1353 ita
2612 1278 3002 1353 rescribere
3048 1303 3213 1353 coe-

1055 1424 1344 1501 peram.
1385 1398 1577 1475 Ama
1607 1424 1728 1472 me
1758 1452 1783 1491 ,
1833 1412 1915 1471 ut
1954 1424 2195 1489 amas,
2261 1398 2497 1500 inquis
2528 1453 2547 1470 .
2590 1400 2781 1473 Huic
2838 1400 3062 1475 uerbo
3110 1426 3212 1473 re-

1055 1518 1408 1621 spondere
1438 1514 1658 1619 paulo
1683 1516 1925 1591 uerbis
1954 1519 2288 1619 pluribus
2310 1520 2385 1593 in
2424 1521 2667 1595 animo
2688 1534 2797 1595 est
2822 1554 2841 1591 ε
2864 1518 3211 1622 prolixius

1045 1642 1239 1715 enim
1273 1642 1660 1747 rescribere
1698 1639 1834 1713 tibi
1860 1657 2188 1743 tempore
2220 1641 2354 1718 illo
2390 1642 2714 1717 solebam
2754 1698 2779 1737 ‚
2816 1670 2969 1745 quo
3010 1671 3212 1717 ama-

1055 1776 1217 1835 tum
1265 1776 1334 1835 te
1377 1790 1420 1837 a
1459 1788 1580 1837 me
1605 1816 1632 1856 ‚
1677 1759 1853 1834 satis
1909 1774 2370 1862 compertum
2412 1762 2543 1837 tibi
2582 1788 2733 1835 esse
2772 1776 2925 1837 tute
2966 1777 3205 1837 osten-

1051 1880 1165 1955 dis
1200 1935 1220 1952 .
1283 1879 1477 1957 Uide
1529 1904 1795 1983 quaeso
1867 1906 1957 1953 ne
2011 1894 2238 1955 temet
2280 1882 2434 1981 ipse
2490 1879 2825 1955 defrudes
2860 1874 2899 1933 Β
2942 1896 3015 1955 et
3081 1881 3209 1955 de·-

1050 2002 1472 2076 trimentum
1507 2000 1777 2075 amoris
1816 1998 2011 2075 ultro
2059 2026 2325 2102 poscas
2351 2035 2370 2071 ι
2408 1998 2724 2102 amplius
2768 2001 2965 2075 euim
3011 2015 3207 2076 tanto

1050 2124 1278 2198 amari
1313 2136 1386 2197 te
1441 2151 1485 2197 a
1523 2148 1642 2197 me
1698 2123 1924 2197 uelim
1986 2122 2235 2197 credas
2268 2120 2451 2197 mihi
2487 2177 2509 2217 ,
2542 2133 2815 2221 quanto
2867 2122 3209 2197 omnibus

1049 2242 1128 2317 in
1166 2244 1374 2317 rebus
1417 2243 1667 2343 potior
1701 2256 1813 2317 est
1850 2256 2084 2315 certus
2132 2268 2469 2342 praeseus
2510 2239 2790 2313 fructus
2824 2267 3055 2341 quam
3098 2242 3213 2315 su-

1051 2367 1194 2440 turi
1227 2390 1390 2466 spes
1441 2363 1720 2437 ineerta
1756 2416 1773 2433 .
1824 2364 1981 2461 Ego
2006 2388 2095 2441 ne
2128 2417 2155 2456 .‚
2220 2360 2345 2461 qui
2411 2354 2739 2435 indolem
2794 2360 3060 2459 ingenii
3114 2361 3213 2434 tui

1049 2486 1130 2558 in
1166 2484 1474 2583 germine
1517 2482 1741 2556 etiam
1790 2494 1948 2554 tum
1994 2494 2069 2553 et
2116 2478 2193 2553 in
2234 2480 2455 2553 herba
2488 2492 2571 2552 et
2612 2479 2689 2552 in
2728 2474 3219 2553 flore'dilexe-
3346 2546 3348 2559 ,

1054 2605 1199 2678 rim
1254 2659 1279 2698 ,
1345 2626 1538 2676 nuno
1592 2602 1872 2699 frugem
1926 2600 2161 2699 ipsam
2218 2612 2541 2674 maturae
2576 2612 2607 2649 c
2646 2599 2939 2673 uirtutis
2982 2626 3219 2674 nonne

1051 2720 1291 2796 multo
1325 2721 1707 2820 multoque
1739 2717 2050 2819 amplius
2086 2718 2385 2817 diligam
2416 2712 2459 2795 ’Β
2497 2722 2688 2793 Tum
2728 2745 2859 2818 ego
2892 2718 3221 2794 stolidis-

1053 2844 1282 2923 simus
1327 2842 1592 2919 habear
1659 2844 2047 2942 agrestium
2119 2844 2451 2917 omnium
2510 2844 2765 2918 omniu
2786 2870 3003 2944 mque
3066 2870 3227 2917 ara-

1054 2981 1304 3041 torum
1325 2958 1406 3062 d,
1447 2965 1509 3041 si
1555 2964 1738 3039 mihi
1764 2966 2043 3041 cariora
2074 2965 2219 3040 sint
2251 2981 2407 3041 sata
2430 2952 2784 3041 messibus
2821 3022 2839 3036 .
2909 2968 3073 3065 Ego
3100 2992 3228 3038 ue-

1053 3112 1140 3162 ro
1183 3112 1364 3187 quae
1415 3084 1665 3186 optaui
1695 3110 2017 3187 quaeque
2051 3086 2225 3160 uoui
2268 3111 2581 3186 compos
2624 3098 3055 3186 optatorum
3083 3111 3223 3159 uo-

1059 3220 1448 3306 torumque
1502 3231 1838 3281 meorum
1882 3206 2263 3281 damnatus
2317 3221 2531 3309 atque
2584 3204 2932 3279 multatus
2988 3230 3157 3278 sum
3202 3236 3225 3276 ε

1057 3329 1136 3402 iu
1171 3354 1332 3402 eam
1366 3325 1676 3404 multam
1722 3326 2181 3430 duplicatum
2222 3354 2553 3406 amorem
2601 3341 2808 3400 tuum
2842 3322 3100 3401 desero
3133 3338 3168 3377 2
3200 3356 3225 3421 ς

1055 3476 1200 3522 non
1241 3462 1324 3521 ut
1363 3450 1757 3551 antiquitus
1795 3451 2063 3525 multas
2100 3449 2414 3551 inrogari
2453 3475 2616 3524 mos
2658 3447 2797 3521 fuit
2829 3446 3031 3521 mille
3074 3450 3223 3519 mi·

1049 3582 1182 3642 nus
1215 3567 1520 3644 dimidio
1554 3627 1573 3640 .
1612 3574 1835 3647 Assae
1882 3572 2184 3647 nutricis
2219 3586 2333 3647 est
2379 3570 2728 3645 infantem
2784 3568 3016 3667 magis
3045 3566 3227 3641 dili-

1119 3788 1159 3824 ιι
1191 3772 1310 3827 Βόᾶ.
1344 3774 1396 3823 in
1434 3773 1604 3827 ordine
1629 3774 1820 3836 semul,
1856 3774 1913 3827 iu
1942 3779 2159 3847 margine
2192 3774 2369 3827 stand.
2441 3772 2471 3825 ὀ
2506 3776 2583 3825 Ita
2628 3774 2740 3826 cod.
2760 3777 2933 3842 Atque
2952 3766 3079 3823 hiae
3114 3792 3229 3823 ron·
3347 3804 3348 3833 5

1052 3838 1310 3898 firmantur
1341 3861 1676 3902 controuernae
1695 3850 1938 3901 immerito
1962 3848 2171 3899 aliorum
2212 3863 2471 3898 auctorum
2492 3844 2721 3900 lectiones
2746 3883 2761 3897 .
2829 3864 2859 3895 c
2896 3846 3021 3899 cod.
3062 3858 3230 3897 nam-

1048 3930 1136 3965 rae
1156 3952 1171 3967 .
1240 3914 1280 3965 d
1311 3916 1432 3969 Cod.
1454 3929 1711 3971 aratorum
1728 3954 1745 3980 ,
1767 3918 1850 3971 ned
1887 3934 2017 3970 recte
2046 3920 2099 3969 in
2130 3920 2346 3989 margine
2376 3928 2626 3969 oratorum
2644 3956 2660 3970 .

1142 4118 1163 4156 ι
1215 4102 1366 4161 Nota
1399 4103 1709 4165 formulam
1750 4104 1815 4165 in
1854 4104 2095 4167 relatio-
2256 4124 2289 4163 α
2338 4102 2590 4167 Videtur
2629 4105 2713 4165 uti
2736 4108 2959 4165 Fronto
2978 4101 3233 4173 formula

1049 4179 1228 4247 nibus
1258 4187 1524 4247 usitatam
1550 4228 1568 4247 .
2082 4181 2090 4188 “
2174 4184 2425 4246 iuridica
2460 4230 2475 4245 .
