3384 5134
1061 471 1110 552 't
1139 497 1164 548 1
1194 461 1230 548 a
1257 501 1300 550 n
1329 493 1376 549 a
1449 497 1478 548 ι
2236 463 2343 558 ’13
2404 573 2420 582 ·

191 618 252 678 te
279 601 462 677 b'ene
493 596 730 674 ualere
763 598 1122 696 cognouit,
1165 612 1326 671 tum
1380 591 1582 698 quod
1625 593 1729 669 ita
1766 613 2129 674 amantem
2183 603 2345 675 mei·

189 725 368 798 sensi
404 777 428 818 ‚
493 725 714 796 finem
769 735 850 795 ut
895 719 1132 794 amori
1177 717 1458 791 nullum
1515 729 1747 818 neque
1806 718 2121 792 modum
2177 732 2329 793 sta-

185 857 330 918 tuas
366 896 390 940 ,
453 845 628 945 quin
665 841 970 918 cottidie
999 855 1033 890 ⁸
1083 839 1357 941 aliquid
1403 839 1714 939 reperias
1752 837 1954 939 quod
1984 840 2177 913 circa
2212 865 2336 914 me

182 967 568 1040 iucundius
588 979 800 1065 atque
822 963 1129 1038 amicius
1155 961 1380 1036 facias
1407 1017 1428 1032 .
1450 964 1610 1060 Ego
1636 959 1943 1061 denique
1968 959 2151 1035 olim
2180 961 2333 1036 iam

179 1109 296 1157 me
326 1097 514 1186 puto
549 1085 718 1160 satis
751 1083 979 1156 amari
1005 1137 1028 1178 .‚
1067 1081 1204 1154 tibi
1235 1093 1476 1154 autem
1508 1078 1835 1154 nondum
1864 1079 2085 1152 etiam
2106 1105 2335 1180 quan-

181 1215 336 1276 tum
379 1230 500 1276 me
556 1203 808 1302 diligas
840 1203 1012 1276 satis
1049 1215 1198 1296 est3
1251 1214 1333 1274 ut
1365 1225 1508 1273 non
1541 1226 1739 1274 mare
1774 1199 2018 1299 ipsum
2046 1212 2201 1274 tam
2232 1199 2335 1272 sit

182 1321 630 1424 profundum
655 1380 678 1418 ,
732 1350 952 1425 quam
985 1336 1144 1398 tuus
1179 1321 1562 1396 aduersum
1595 1347 1715 1394 me
1744 1345 1994 1394 amor:
2032 1345 2193 1394 sane
2244 1332 2333 1394 ut

179 1441 356 1516 illud
401 1429 606 1544 queri
668 1443 992 1544 possim3
1044 1469 1176 1518 cur
1221 1467 1340 1516 me
1375 1440 1707 1516 nondum
1761 1465 1957 1514 ames
1992 1453 2273 1512 tantum
2298 1494 2327 1534 ,

185 1577 532 1662 quantum
588 1564 990 1665 plurimum
1047 1575 1294 1664 potest
1330 1596 1350 1635 ε
1425 1588 1737 1663 namque
1802 1561 1879 1633 in
1943 1559 2132 1634 dies.
2160 1557 2329 1660 plus

185 1681 490 1755 amando
532 1683 757 1758 efficis
785 1740 808 1779 .,
859 1710 946 1756 ne
978 1682 1182 1784 quod
1227 1695 1389 1756 ante
1429 1681 1626 1755 diem
1660 1673 1701 1730 b
1730 1680 2077 1754 amaueris
2100 1734 2124 1775 .,
2161 1679 2332 1779 plu-

183 1801 448 1876 rimum
483 1803 696 1878 fuerit
727 1857 744 1876 .
795 1802 1274 1878 Consulatum
1311 1801 1494 1874 mihi
1546 1791 1759 1903 putas
1815 1813 2021 1874 tanto
2064 1798 2327 1898 gaudio
2390 1783 2423 1794 '⁸

185 1917 394 1996 fuisse
419 1935 438 1971 ¹
462 1979 486 2017 .,
517 1936 790 2023 quanto
819 1936 934 1996 tua
965 1937 1084 1998 tot
1115 1924 1192 1996 in
1224 1950 1360 1996 una
1387 1949 1464 1997 re
1501 1922 1775 1996 summi
1806 1921 2081 1995 amoris
2126 1917 2341 1997 indi-.

183 2035 334 2117 cia?
357 2043 730 2118 Orationis
753 2069 952 2120 meae
975 2042 1372 2146 particulas
1390 2100 1413 2138 ‚
1446 2069 1625 2145 quas
1655 2064 2179 2143 excerpseram.‚
2216 2065 2329 2112 re-

179 2166 420 2240 citasti
482 2167 674 2266 patri
717 2181 842 2240 tuo
909 2167 1066 2268 ipse
1097 2222 1120 2263 ,
1179 2165 1642 2266 studiumque
1699 2162 1791 2236 ad
1841 2161 2324 2265 pronuntian-

173 2284 354 2358 dum
389 2285 778 2362 adhibuisti
805 2323 826 2360 ε
859 2315 1000 2390 qua
1033 2289 1108 2364 in
1138 2315 1216 2362 re
1261 2299 1336 2362 et
1367 2285 1624 2361 oculos
1671 2283 1859 2358 mihi
1908 2298 2077 2358 tuos
2106 2297 2321 2357 uten-

173 2407 306 2480 dos
333 2461 358 2501 ‚
405 2421 484 2481 et
540 2433 802 2484 uocem
829 2463 854 2506 .,
895 2421 972 2482 et
1023 2421 1306 2507 gestum
1330 2463 1354 2504 .,
1413 2421 1490 2482 et
1543 2405 1620 2480 in
1675 2405 1937 2507 primis
1996 2403 2337 2480 animum·

169 2527 743 2603 accommodasti
789 2584 809 2599 .
846 2527 1004 2602 Nec
1040 2527 1258 2603 uideo
1297 2528 1460 2630 quis
1510 2541 1838 2603 ueterum
1874 2525 2323 2628 scriptorum

175 2652 556 2754 quisquam
591 2677 708 2724 me
743 2649 1030 2725 beatior
1055 2650 1272 2725 fuerit
1293 2706 1316 2747 ,
1343 2677 1658 2754 quorum
1691 2651 1962 2751 scripta
1991 2653 2323 2748 Aesopus

179 2769 270 2842 ad
319 2769 692 2870 populum
726 2768 1228 2870 pronuntiauit
1255 2783 1389 2842 aut
1424 2770 1735 2845 Roscius
1759 2781 1793 2820 ²
1832 2824 1853 2840 .
1900 2769 2099 2843 Meae
2142 2787 2319 2838 uero

177 2889 486 2964 orationi
546 2890 680 2962 ·M·
731 2889 992 2963 Caesar
1025 2903 1235 2964 actor
1277 2891 1584 2990 contigit
1627 2903 1702 2964 et
1757 2887 2266 2990 pronuntiator
2298 2915 2333 2954 ἓ.

173 3023 426 3112 tuaque
483 3035 624 3112 ego
692 3021 912 3112 opera
945 3037 1032 3107 ac
1089 3037 1274 3086 uoce
1302 3011 1757 3086 audientibus
1799 3011 2097 3111 placuit,
2146 3033 2333 3084 cum,

177 3133 398 3207 audiri
447 3161 492 3206 a
543 3145 618 3204 te
649 3157 738 3205 ac
764 3132 899 3205 tibi
922 3131 1208 3233 placere
1233 3189 1258 3230 .‚
1297 3131 1636 3208 omnibus
1667 3154 1951 3204 summe
1987 3129 2081 3220 sit
2116 3128 2323 3220 obta-

175 3254 312 3329 hile
341 3311 360 3328 .
417 3255 602 3329 Non
647 3255 882 3329 miror
931 3253 1174 3357 itaque
1229 3254 1431 3357 quod
1476 3249 1831 3354 placuerit
1872 3249 2102 3325 oratio
2158 3246 2323 3346 soris

177 3374 275 3447 tui
317 3373 674 3476 dignitate
705 3385 1046 3449 exornata
1075 3431 1096 3447 .
1142 3375 1333 3448 Nam
1364 3371 1703 3475 pleraque
1748 3369 2043 3471 propria
2088 3365 2327 3442 uenu-‘

172 3505 341 3568 state
383 3495 708 3570 canentia
735 3549 758 3588 ‚
812 3493 1116 3593 gratiam
1171 3493 1464 3570 sibimet
1515 3494 1821 3567 alienam
1878 3491 2317 3566 extrinsecus

170 3627 596 3687 mutuantur
629 3669 646 3686 .
697 3611 918 3706 Quod
940 3613 1176 3688 euenit
1205 3614 1428 3688 etiarn
1473 3615 1550 3688 in
1595 3612 1867 3716 plebeis
1900 3614 2059 3688 istis
2089 3609 2321 3686 eduli-

169 3730 296 3806 bus
323 3765 345 3803 ε
399 3731 698 3809 nullum
747 3731 927 3809 adeo
964 3733 1105 3808 uile
1136 3747 1262 3808 aut
1313 3734 1684 3835 uolgatum
1721 3749 1828 3810 est
1876 3736 2089 3811 holus
2125 3748 2157 3784 ‘²
2194 3749 2321 3810 aut

233 3955 268 3988 a
303 3939 378 3988 Ita
417 3937 538 3990 nod.
589 3935 622 3988 b
654 3940 732 3990 Ita
759 3939 874 3990 cod.
907 3942 1064 4008 prima
1095 3958 1284 4004 mann3
1315 3950 1368 3991 at
1406 3956 1454 3990 2.
1489 3939 1600 3993 dces
1620 3975 1636 3991 .
1702 3961 1733 3993 c
1765 3946 1843 3996 Ita
1882 3961 1999 3994 cum
2032 3941 2314 4013 adspiratio·

171 4025 230 4060 ue
253 4009 420 4062 exibit
448 4013 610 4063 edm
650 4009 896 4082 Eutyche·
928 4013 1266 4084 gramaticus
1291 4011 1428 4082 apud
1447 4011 1731 4068 rut-chima
1756 4033 1807 4084 p.
1855 4017 2013 4067 2312.

253 4200 274 4237 ι
319 4183 482 4260 Ergo
523 4183 747 4260 scripta
779 4195 866 4242 est
895 4183 1044 4248 haec
1067 4187 1202 4270 epi·
1367 4209 1400 4248 τι
1444 4191 1660 4250 Locum
1679 4189 1839 4249 hunc
1856 4191 2119 4252 imitatur
2134 4151 2343 4272 Sym-⁶

177 4262 320 4322 nul·
349 4279 490 4348 post
527 4266 929 4330 consulatum.
1283 4271 1520 4335 machus
1558 4273 1811 4358 epistula
1830 4297 1887 4338 x.
1920 4298 1981 4338 2.
