3384 5134
1107 440 1252 515 :262
1728 461 1821 509 An
1904 459 2347 511 Amomwuu
2426 460 2619 509 meu

1101 562 1244 633 sim
1306 554 1564 633 eadem
1619 557 1976 633 modestia
2024 582 2341 653 *usurum
2371 609 2395 649 ‚
2448 582 2589 655 qua
2642 551 3071 655 Calpurnius
3124 560 3241 633 Iu-

1099 677 1334 753 lianus
1377 706 1582 752 meus
1618 704 1787 751 usus
1839 691 1985 749 est:
2042 674 2405 772 dignitatis
2456 673 2653 747 enim
2693 702 2855 748 suae
2902 677 2977 749 in
3004 705 3244 753 senec-

1099 814 1250 871 tute
1287 797 1644 872 ornandae
1691 820 1897 869 causa
1928 850 1952 890 ‚
1990 821 2133 867 non
2167 794 2565 866 ambitione
2599 808 2724 866 aut
2762 804 3249 896 procuratoris

1097 918 1435 1020 stipendii
1471 933 1502 966 ⁸
1534 917 1929 1017 cupiditate
1976 930 2187 1016 optat
2218 914 2524 1015 adipisci
2576 914 2769 990 hunc
2830 918 3187 995 honorem
3222 976 3239 991 .

1095 1044 1344 1135 Quom
1383 1034 1419 1090 b
1443 1040 1771 1140 primum
1802 1064 1937 1137 pro
1970 1036 2311 1136 Appiano
2336 1035 2565 1135 petiui
2597 1092 2620 1129 .,
2663 1037 2765 1109 ita
2796 1038 3097 1137 benigne
3121 1042 3250 1114 ad·-

1087 1161 1351 1233 misisti
1383 1183 1632 1260 preces
1677 1184 1875 1231 meas
1902 1214 1925 1252 ,
1979 1172 2062 1229 ut
2094 1182 2376 1257 sperare
2422 1154 2759 1231 deberem
2802 1214 2821 1230 .
2874 1158 3239 1236 Proximo

1087 1282 1450 1381 superiore
1487 1304 1700 1354 anno.
1728 1279 1997 1379 petenti
2056 1277 2237 1351 mihi
2273 1277 2641 1377 propitius
2674 1278 2903 1351 multa
2940 1306 3245 1381 respon-

1071 1405 1256 1479 «disti
1283 1436 1301 1473 ε
1356 1402 1540 1475 illud
1594 1424 1764 1473 uero
1828 1402 2047 1473 etiam
2112 1400 2419 1473 comiter
2449 1456 2469 1494 .,
2542 1400 2866 1473 futurum
2930 1416 3015 1473 ut
3082 1428 3245 1475 cum

1091 1528 1432 1627 Appiano
1478 1580 1500 1617 ,
1573 1548 1692 1595 me
1750 1536 2043 1619 rogante
2100 1576 2125 1615 ‚
2214 1522 2803 1621 procurationem
2878 1520 3199 1596 dedisses
3222 1578 3245 1617 ‚

1093 1620 1628 1719 causidissorum
1675 1642 2002 1715 scatebra
2051 1654 2461 1717 exereretur
2497 1640 2699 1717 idem
2749 1641 3155 1740 petentium
3180 1654 3199 1688 ¹
3228 1697 3247 1711 .

1092 1768 1490 1841 Meministi
1541 1765 1763 1839 etiam
1803 1788 2019 1863 quem
2048 1761 2140 1835 de
2180 1764 2480 1837 Graecia
2512 1761 2873 1863 propitius
2906 1774 2981 1833 et
3010 1760 3247 1835 ridens

1091 1885 1574 1960 nominaueris
1603 1938 1621 1955 .
1679 1882 1819 1954 Sed
1876 1880 2105 1955 multa
2146 1876 2512 1985 [·dis]tant
2538 1914 2562 1951 ι,
2612 1894 2800 1953 aetas
2826 1934 2850 1974 ‚
2910 1878 3194 1953 orbitas
3218 1936 3241 1973 ‚

1071 1998 1213 2075 'cui
1248 1983 1606 2075 leniendae
1631 2000 1915 2075 solaciis
1946 2028 2129 2101 opus
2160 2014 2317 2075 est.
2377 2002 2632 2074 Ausim
2668 1997 2903 2073 dicere
2962 1998 3237 2073 hones-

1095 2133 1320 2197 tatem
1376 2150 1661 2223 quoque
1691 2138 1765 2196 et
1815 2122 2255 2222 probitatem
2308 2122 2495 2196 inter
2528 2119 2717 2195 duos
2750 2120 2986 2194 bonos
3040 2124 3241 2196 uiros

1094 2244 1422 2318 nonnihil
1451 2259 1688 2319 tamen
1715 2244 1979 2316 distare
2004 2278 2023 2314 e
2072 2241 2271 2343 quod
2303 2256 2683 2343 propterea
2718 2240 2999 2314 facilius
3022 2239 3198 2313 dico
3220 2296 3241 2327 ‚

1095 2367 1440 2467 quoniam
1470 2363 1678 2437 illum
1704 2419 1726 2458 .,
1766 2364 1905 2435 ·cui
1936 2366 2259 2438 amicum
2318 2388 2565 2436 meum
2612 2376 2975 2463 antepono
3006 2418 3033 2457 ‚
3094 2388 3239 2435 non

1095 2485 1473 2559 nominaui
1499 2539 1517 2553 .
1557 2487 1932 2558 Postremo
1957 2485 2201 2558 dicam
2226 2484 2601 2584 quomodo
2626 2484 3063 2585 simplicitas
3086 2512 3243 2557 mea
3334 2564 3336 2567 Α

1097 2620 1168 2677 et
1205 2606 1464 2677 ueritas
1505 2632 1620 2688 me
1665 2604 1899 2677 dicere
1948 2605 2328 2681 hortantur
2358 2619 2433 2679 et
2462 2604 2721 2679 fiducia
2762 2608 3039 2681 amoris
3080 2634 3237 2704 erga

1103 2737 1174 2795 te
1209 2726 1351 2797 mei
1377 2779 1399 2818 .,
1459 2724 1791 2825 profecto
1854 2726 2145 2829 aequius
2176 2752 2326 2800 esse
2370 2724 2577 2799 illum
2608 2750 2895 2825 quoque
2932 2742 3237 2825 propter

1097 2870 1217 2916 me
1253 2846 1673 2943 impetrare.
1730 2846 2087 2918 Memento
2114 2848 2329 2923 etiam
2358 2901 2381 2939 ,
2437 2845 2746 2919 Domine
2784 2846 3187 2945 imperator
3212 2900 3232 2933 ,

1100 2988 1268 3036 cum
1293 2961 1410 3037 ille
1437 2990 1599 3037 meo
1624 2960 1961 3063 exemplo
1985 2977 2182 3063 petet
2204 3020 2229 3057 ‚
2286 2991 2401 3039 me
2432 2964 2719 3039 biennio
2748 2964 2891 3039 hoc
2919 2964 3187 3063 petisse
3208 3020 3227 3035 .

1099 3080 1331 3180 Igitur
1381 3082 1481 3153 illi
1516 3110 1847 3184 quoque,
1904 3083 1963 3156 si
2002 3084 2409 3181 uidebitur,
2470 3100 2639 3189 post
2669 3086 3045 3158 biennium
3100 3085 3225 3161 da-

1097 3214 1175 3276 to
1206 3258 1222 3273 .
1278 3204 1558 3277 Fecerit
1603 3203 1939 3305 exemplo
2000 3220 2251 3281 nostro
2280 3260 2305 3301 ,
2360 3208 2424 3280 si
2470 3207 2623 3307 ipse
2662 3232 2952 3308 quoque
2992 3234 3071 3281 se
3108 3206 3227 3279 tibi

1095 3320 1586 3425 impetrauerit
1609 3320 1945 3400 excusare
1973 3384 1992 3399 .

1163 3542 1200 3577 a
1233 3530 1356 3580 cod.
1391 3530 1644 3603 stipendiis
1669 3569 1681 3582 .
1756 3530 1785 3582 b
1822 3528 1942 3581 cod.
1992 3548 2036 3579 ι.
2072 3548 2219 3581 manu
2258 3507 2436 3601 quani3
2471 3544 2519 3583 2.
2554 3548 2667 3581 nun
2694 3570 2706 3582 .
2742 3532 2859 3581 Fuit
2890 3546 3059 3584 autem
3094 3551 3225 3583 men-

1094 3593 1218 3649 dum
1261 3618 1408 3669 quam
1451 3620 1542 3670 pro
1586 3620 1765 3671 quorun
1816 3601 1951 3672 quod
1990 3601 2127 3651 haud
2168 3618 2278 3652 raro
2324 3602 2529 3654 uidimn·
2561 3602 2614 3653 in
2648 3600 2745 3653 hoc
2782 3602 2987 3655 codiee.

1201 3800 1222 3835 1
1273 3782 1448 3839 Suum
1516 3784 1789 3841 causidici
1865 3782 2112 3842 officium
2193 3760 2383 3841 morat
2412 3784 2718 3866 Appianas
2750 3784 2887 3847 hist.
2924 3762 3221 3867 prohoem-

1087 3868 1150 3920 οι
1175 3866 1570 3943 procuratoris
1611 3866 1927 3945 augustalis
1988 3884 2118 3925 me-
2192 3866 2293 3925 fin.

1889 4102 2437 4167 Μ
