3384 5134
1126 436 1265 489 110
1714 440 1830 489 An
1912 440 2028 489 m·
2115 432 2653 496 car-sanant

1108 536 1477 611 remissius
1515 534 1770 637 aliquit
1799 552 1830 587 ⁸
1863 553 2106 615 tecum
2137 552 2212 616 et
2231 538 2598 618 liberalius
2631 542 3002 621 fabulandi
3033 580 3054 618 ε
3084 573 3258 628 nam

1116 661 1343 735 ferme
1370 672 1571 733 metu
1592 684 1856 755 magno
1877 672 1950 733 et
1961 686 2232 761 pauore
2250 660 2572 739 releuatis
2597 666 3016 741 conceditur
3047 668 3260 743 lude-

1113 810 1191 863 re
1214 782 1487 885 aliquid
1508 774 1546 831 ¹²
1580 796 1793 882 atque
1811 782 2114 882 ineptire
2143 840 2164 855 .
2199 786 2357 880 Ego
2383 803 2650 885 quanto
2675 815 2888 889 opere
2913 802 2944 839 ⁰
2979 805 3048 864 te
3077 789 3257 863 dili-

1116 930 1283 1005 gam
1298 929 1443 977 non
1462 901 1706 975 minus
1725 900 1816 973 de
1837 902 2172 999 grauibus
2191 920 2264 977 et
2279 906 2476 980 seriis
2505 910 3014 1009 experimentis
3037 936 3262 1012 quam
3317 960 3328 972 -

1115 1027 1477 1131 plerisque
1508 1025 1729 1098 etiam
1762 1024 2042 1098 friuolis
2089 1028 2317 1102 sentio
2368 1084 2386 1101 .
2441 1032 2641 1121 Quae
2675 1047 2798 1105 aut
2848 1034 3264 1107 cuiusmodi

1119 1154 1262 1227 sint
1290 1152 1466 1223 haec
1490 1147 1754 1222 friuola
1777 1203 1800 1240 .,
1841 1146 2184 1223 indicabo
2219 1206 2236 1221 .
2277 1151 2644 1251 Siquando
2675 1167 2744 1227 te
2777 1180 3038 1227 somno
3074 1154 3262 1247 leni,

1112 1290 1197 1348 nt
1238 1288 1456 1375 poeta
1478 1273 1581 1345 ait
1610 1282 1629 1317 ¹
1648 1328 1671 1365 .,
1701 1268 2135 1371 placidoque
2179 1274 2541 1347 reuinctus
2581 1274 2794 1349 uideo
2818 1277 2894 1347 in
2931 1275 3212 1349 somnis
3237 1328 3262 1368 ,

1116 1419 1513 1497 numquam
1552 1402 1665 1464 est
1701 1391 1874 1491 quin
1929 1389 2330 1491 amplectar
2351 1408 2423 1467 et
2457 1392 2830 1467 exosculer
2859 1428 2877 1464 ε
2937 1408 3096 1468 tum
3125 1420 3262 1493 pro

1108 1518 1535 1615 argumento
1564 1513 1910 1613 cuiusque
1931 1515 2168 1587 somni
2191 1530 2314 1587 aut
2343 1514 2484 1587 fleo
2515 1514 2832 1589 ubertim
2861 1572 2884 1609 .,
2915 1530 3040 1589 aut
3061 1513 3264 1587 exul-

1116 1654 1197 1713 to
1230 1636 1499 1717 laetitia
1535 1634 1774 1736 aliqua
1803 1650 1877 1709 et
1901 1634 2275 1736 uoluptate
2315 1692 2334 1709 .
2389 1638 2552 1711 Hoc
2600 1662 2828 1711 unum
2863 1664 2953 1711 ex
2995 1633 3268 1709 annali·

1114 1762 1255 1835 bus
1303 1762 1681 1859 sumptum
1716 1757 1986 1831 amoris
2023 1758 2192 1861 mei.
2223 1774 2722 1857 argumentum
2769 1760 3148 1859 poeticum
3197 1770 3266 1827 et

1115 1908 1281 1957 sane
1312 1880 1890 1957 somniculosum
1916 1936 1934 1951 .
1977 1880 2258 1982 Accipe
2283 1878 2462 1955 aliut
2485 1882 2918 1955 ‘rixatorium
2946 1882 3093 1953 iam
3121 1880 3264 1951 hoc

1116 2018 1191 2076 et
1212 1988 1611 2101 iurgiosum
1634 2058 1650 2073 .
1682 2002 2253 2103 Nonnumquam
2283 2026 2412 2098 ego
2431 2014 2498 2073 te
2533 2026 2784 2073 coram
2804 2000 3266 2100 paucissimis

1116 2148 1205 2197 ac
1225 2120 1798 2207 familiarissimis
1823 2121 2004 2194 meis
2030 2120 2476 2218 grauioribus
2499 2120 2736 2195 uerbis
2765 2121 3134 2207 absentem
3160 2122 3268 2192 in-

1118 2260 1433 2319 sectatus
1460 2268 1649 2316 sum:
1677 2241 1859 2315 olim
1889 2242 2036 2315 hoc
2073 2234 2116 2291 d
2139 2300 2162 2339 .,
2193 2268 2362 2316 cum
2403 2244 2681 2316 tristior
2713 2270 2934 2343 quam
2961 2270 3094 2343 par
3121 2256 3272 2315 erat

1114 2366 1195 2441 in
1232 2379 1440 2439 coetu
1465 2362 1851 2435 hominum
1876 2360 2380 2459 progrederere
2413 2372 2446 2411 ²
2466 2418 2489 2457 .,
2528 2359 2640 2434 uel
2671 2386 2844 2433 cum
2874 2362 2950 2434 in
2990 2362 3266 2435 theatro

1118 2500 1199 2559 tu
1221 2482 1454 2557 libros
1482 2480 1597 2554 uel
1624 2482 1698 2552 in
1735 2479 2078 2553 conuiuio
2110 2479 2486 2557 lectitabas
2511 2472 2547 2531 3
2583 2515 2606 2553 ι
2631 2507 2762 2554 nec
2787 2506 2916 2580 ego
2942 2480 3122 2554 dum
3153 2496 3230 2555 tu
3249 2535 3269 2570 ,

1114 2604 1411 2683 theatris
1436 2656 1459 2695 .,
1494 2626 1625 2673 nec
1658 2599 1841 2671 dum
1871 2611 1902 2647 θ
1921 2598 2274 2688 conuiuiis
2293 2654 2316 2694 .,
2349 2596 2800 2675 abstinebam
2825 2596 2859 2659 4
2875 2655 2894 2671 .
2919 2602 3114 2672 Tum
3137 2603 3269 2701 igi-

1112 2734 1233 2794 tur
1256 2701 1385 2818 ego
1412 2735 1481 2793 te
1502 2717 1774 2811 durum
1789 2734 1860 2792 et
1880 2721 2468 2821 intempestiuum
2487 2720 2860 2795 hominem
2881 2777 2902 2816 .,
2925 2721 3266 2796 odiosum

1114 2841 1339 2915 etiam
1355 2865 1908 2939 nonnumquam
1946 2841 2048 2914 ira
2081 2840 2398 2942 percitus
2429 2840 2890 2942 appellabam
2921 2898 2940 2915 .
2991 2844 3220 2933 Quod
3249 2836 3276 2893 s

1114 2961 1339 3067 s’quis
1359 2960 1541 3035 alius
1563 2960 1822 3036 eodem
1847 2977 1912 3036 te
1937 2963 2275 3037 conuicio
2306 2963 2632 3037 audiente
2649 2991 2766 3041 me
2793 2964 3262 3061 detrectaret,

1114 3109 1345 3184 aequo
1392 3084 1635 3159 animo
1690 3082 1936 3157 audire
1983 3078 2506 3185 non'poteram
2543 3140 2561 3158 .
2611 3086 2724 3157 Ita
2767 3084 2949 3157 mihi
2982 3086 3264 3161 facilius

1111 3218 1265 3279 erat
1292 3206 1541 3306 ipsum
1568 3204 1776 3305 loqui
1803 3260 1826 3299 .,
1869 3230 2089 3305 quam
2127 3203 2306 3277 alios
2332 3202 2420 3279 de
2450 3220 2514 3277 te
2537 3204 2824 3306 sequius
2847 3204 3027 3305 quid
3051 3205 3260 3281 dice-

1110 3352 1187 3399 re
1220 3327 1505 3427 perpeti
1541 3360 1559 3398 2
1611 3328 1718 3399 ita
1774 3339 1854 3398 ut
1880 3324 2210 3401 Gratiam
2247 3348 2488 3395 meam
2523 3322 2758 3397 filiam
2792 3321 3074 3397 facilius
3111 3328 3264 3428 ipse

1067 3552 1075 3567 ,
1176 3534 1213 3565 ιι
1246 3518 1325 3567 Ita
1360 3515 1467 3565 cod.
1506 3516 1590 3567 sed
1644 3518 1794 3583 paulo
1843 3534 1951 3584 post
1999 3520 2214 3583 nequitur
2249 3514 2478 3587 aliquid.
2550 3513 2580 3564 b
2616 3514 2737 3565 Cod.
2766 3530 2808 3563 1.
2845 3532 2996 3565 manu
3025 3514 3266 3587 αΙὶςιιοτίς

1109 3602 1167 3637 nt
1188 3586 1324 3636 haud
1360 3588 1654 3656 semelqnod
1689 3606 1782 3655 pro
1799 3590 1921 3658 quid
1941 3588 1993 3637 in
2026 3588 2210 3639 codice.
2231 3590 2412 3656 ‹le-rep.
2443 3587 2544 3636 Cic.
2608 3601 2637 3633 c
2673 3584 2793 3637 eod.
2835 3600 2879 3635 1.
2921 3604 3073 3635 mann
3105 3606 3264 3657 quan·

1102 3668 1305 3724 tepere.
1372 3658 1410 3707 d
1444 3664 1523 3709 An
1554 3660 1818 3710 dicendum
1853 3664 2016 3727 potius
2047 3677 2158 3710 mm
2182 3659 2329 3713 olim:
2377 3661 2472 3709 hoc
2505 3668 2580 3707 est
2617 3673 2710 3711 ete.
2775 3674 2805 3705 e
2841 3664 2984 3707 Dum
3017 3660 3264 3726 supend-

1114 3728 1250 3779 ditur
1284 3731 1336 3779 in
1375 3730 1486 3782 cod.
1544 3726 1596 3800 f
1615 3733 1740 3783 Cod.
1769 3742 1890 3802 quot
1912 3769 1930 3784 .

1200 3920 1222 3956 ι
1277 3899 1533 3969 Ennius,
1568 3913 1633 3957 ut
1664 3900 1818 3957 infra
1853 3914 2042 3981 patet.
2229 3902 2370 3961 bere
2401 3898 2465 3958 in
2489 3899 2719 3959 theatro
2749 3900 3025 3971 solitum,
3059 3901 3138 3961 ob
3171 3901 3265 3959 id-
3329 3938 3338 3947 -

1194 4002 1227 4039 α
1282 3984 1368 4039 De
1430 3985 1607 4043 Marci
1675 3982 2147 4063 philosophantis
2231 4004 2344 4061 que
2383 4004 2414 4039 a
2451 3984 2672 4061 populo
2709 3984 2851 4043 iocis
2899 3984 3262 4055 lacessitum,

1113 4062 1378 4122 serietate
1399 4080 1457 4124 et
1477 4068 1766 4145 grauitate
1783 4070 2149 4148 Capitolinus
2231 4076 2312 4125 ait
2343 4068 2709 4143 Capitolinus
2745 4088 2872 4145 cap.
2913 4088 3017 4126 xv.

1116 4164 1246 4222 cap.
1286 4168 1413 4205 nu.
2318 4154 2354 4217 4
2394 4148 2552 4207 Circi
2592 4150 2918 4207 studiosum
2949 4152 3173 4211 fatetur
3205 4168 3268 4211 se

1194 4230 1231 4290 3
1276 4232 1535 4292 Marcum
1566 4232 1762 4312 legere
1795 4248 1854 4296 et
1883 4234 2143 4299 subscri·
2223 4234 2443 4297 fronto
2477 4234 2554 4294 ad
2587 4233 2798 4293 amieos
2829 4234 2905 4299 11.
2946 4234 3004 4295 3.
3133 4242 3140 4249 “
