3384 5134
830 452 948 511 bt
1038 462 1735 522 ειορυιΝΤιΑ
2207 442 2349 519 231

191 582 464 633 namen
491 610 510 629 .
545 557 610 632 T
611 554 891 655 ragiens
925 558 1260 656 Aesopus
1295 556 1520 629 fertur
1553 584 1697 631 non
1732 558 1931 659 prius
1970 557 2197 637 ullam
2230 588 2365 637 suo

193 680 516 754 induisse
565 680 792 779 capiti
827 702 1212 779 personam
1241 691 1690 779 ,antequam
1744 678 1872 751 diu
1916 706 2007 753 ex.
2058 678 2367 753 aduerso

193 798 822 899 contemplaretur
859 824 1002 900 pro
1041 824 1390 899 personae
1445 798 1653 872 uultu
1706 813 1986 897 gestum
2053 800 2195 874 sibi
2236 824 2365 875 ca-

190 946 484 1021 pessere
539 946 625 993 ac
671 946 934 995 uocem
994 976 1012 992 .
1072 977 1090 993 .
1149 976 1170 992 .
1227 976 1248 993 .
1303 918 1693 995 stillicidiis
1731 977 1751 992 .
1806 977 1827 993 .
1886 978 1903 993 .
1960 925 2077 997 An
2126 924 2368 997 maio-

189 1068 358 1115 rem
395 1042 842 1142 tragoediam
883 1056 1096 1143 putas
1134 1041 1666 1144 Amphiaraum
1691 1054 1725 1091 ὃ
1750 1040 2105 1138 scribere,
2146 1070 2370 1144 quam

189 1162 290 1237 de
357 1177 706 1239 terrarum
755 1162 960 1237 hiatu
999 1164 1244 1237 dicere
1298 1220 1317 1235 .
1377 1220 1394 1235 .
1455 1218 1475 1235 .
1533 1176 1610 1237 tu
1641 1161 1735 1235 de
1766 1162 2065 1237 fulmine
2102 1162 2365 1265 dispu-

193 1302 312 1361 tas
346 1342 364 1358 .
409 1344 428 1359 .
469 1287 636 1361 bere
681 1300 903 1388 quam
941 1341 960 1358 .
1006 1342 1024 1358 .
1049 1286 1340 1389 quando
1370 1344 1389 1359 .
1429 1342 1451 1358 .
1485 1278 1524 1335 b
1545 1284 2103 1361 dialecticorum
2128 1287 2367 1363 uerbis

191 1406 507 1487 scribat:
539 1407 1048 1506 suspirantem,
1069 1406 1485 1481 tussientem
1509 1404 1747 1481 immo
1778 1409 2031 1481 Iouem
2060 1408 2374 1509 scripse-
2448 1492 2453 1497 ,

187 1530 318 1626 rit,
345 1554 494 1603 non
526 1540 906 1601 tonantem
923 1582 942 1599 .
973 1528 1152 1601 Para
1174 1528 1426 1629 potius
1457 1530 1859 1603 orationem
1888 1508 2179 1627 dignam
2208 1557 2371 1605 sen-

191 1650 424 1744 sibus,
449 1675 638 1751 quos
660 1674 700 1721 e
720 1648 1189 1751 philosophia
1216 1648 1524 1743 hauriest,
1543 1662 1618 1723 et
1638 1664 1909 1752 quanto
1936 1660 1967 1697 ⁰
1990 1648 2367 1724 honestius

187 1768 440 1864 sentis,
479 1779 676 1841 tanto
709 1767 1080 1865 augustius
1113 1766 1318 1843 dicas
1341 1779 1362 1816 ¹
1385 1824 1406 1839 .
1429 1767 1624 1860 Quin
1645 1769 1915 1867 erigete
1945 1780 2021 1840 et
2045 1766 2313 1841 extolle
2338 1822 2365 1863 .,

183 1902 262 1961 et
290 1900 599 1963 tortores
625 1887 833 1980 istm,
853 1887 980 1987 qui
1008 1900 1076 1960 te
1107 1901 1189 1960 ut
1220 1887 1530 1960 abietem
1552 1898 1677 1973 aut
1704 1884 1951 1959 alnum
1974 1910 2367 1985 proceram

183 2012 579 2087 incuruant
637 2025 711 2085 et
743 2008 836 2083 ad
888 2008 1380 2083 chamaetorta
1413 2001 1454 2057 d
1482 2007 1923 2100 detrahunt,
1959 2004 2207 2081 ualido
2242 2032 2368 2079 ca-

191 2133 488 2209 cumine
510 2145 944 2235 tuoexcute,
963 2145 1037 2205 et
1072 2146 1262 2205 tenta
1297 2158 1388 2204 an
1417 2156 1727 2231 usquam
1760 2130 1853 2203 ab
1888 2122 2361 2233 [eloquentia]

188 2255 608 2329 discesseris
631 2310 648 2327 .
680 2252 818 2327 Sed
845 2254 1197 2328 comitem
1222 2248 1772 2352 philosophiae.
1782 2274 2183 2323 ‚sermones
2210 2248 2369 2347 gib-

182 2374 490 2449 berosos
523 2389 838 2449 retortos
899 2430 918 2446 .
974 2370 1052 2445 st
1104 2374 1167 2447 si
1201 2372 1570 2465 tenueris,
1603 2393 1695 2442 co
1708 2384 2095 2443 ntemnas·
2074 2394 2367 2470 ‚quom

183 2494 662 2569 contemseris
699 2548 722 2589 ‚
773 2495 1100 2569 nescias.
1135 2494 1319 2588 Dic,
1358 2492 1670 2567 obsecro
1717 2545 1741 2586 .‚
1805 2490 2047 2584 mihi,
2098 2488 2189 2563 de
2215 2489 2371 2564 dia-

179 2616 464 2690 lecticis
517 2615 668 2689 istis
699 2616 968 2717 ecquid
1003 2630 1196 2689 tenes
1227 2606 1270 2688 ?
1319 2612 1588 2715 ecquid
1629 2626 1865 2685 tenere
1906 2624 1973 2684 te
2030 2608 2289 2709 gaudes
2322 2602 2368 2687 Ῡ

179 2736 383 2811 Nolo
419 2734 602 2808 mihi
627 2733 878 2828 dicasr,
919 2750 1097 2838 aput
1130 2748 1198 2807 te
1226 2734 1386 2835 ipse
1415 2745 1670 2835 reputa
1707 2788 1725 2803 .
1758 2736 1917 2831 Ego
1954 2730 2137 2805 illud
2160 2758 2371 2834 prae-

178 2855 448 2930 dicabo
481 2912 504 2949 .,
576 2882 804 2956 quom
835 2856 1206 2958 plurimos
1251 2854 1530 2929 amicos
1562 2854 1644 2927 in
1670 2852 1809 2927 hac
1842 2851 2221 2955 disciplina
2246 2868 2361 2927 te-
2528 2832 2575 2878 *
2638 2838 2749 2949 Q.

177 2976 422 3050 nueris
447 2968 490 3008 *
526 3030 649 3047 ...
1089 2948 1100 2959 '
1285 3010 1302 3025 ·
2402 2964 2770 3053 XXVII.
2805 2982 2837 3019 ²

248 3143 286 3175 a
325 3124 448 3175 cod.
492 3124 860 3195 Amphc‘amm.
935 3122 964 3173 b
999 3125 1068 3175 La
1078 3140 1176 3173 cun
1145 3142 1208 3173 na
1243 3140 1476 3173 uersuum
1499 3140 1620 3177 sex.
1688 3138 1721 3171 e
1754 3124 1787 3173 S
1790 3120 1870 3171 c.h
1910 3118 2151 3191 quando.
2218 3121 2258 3171 d
2289 3120 2367 3171 112
2436 3147 2443 3157 ·

96 3230 103 3236 -
176 3196 292 3250 cod.
343 3195 432 3263 iqa
435 3214 496 3245 ue
553 3194 855 3247 uocabulum
910 3197 1148 3263 reepetitur
1206 3195 1258 3244 in
1320 3196 1602 3263 margine,
1669 3190 1755 3243 sed
1811 3193 1883 3241 sin
1968 3190 2163 3257 di.phth
2212 3191 2367 3259 Apud

175 3266 285 3318 Plin
269 3286 305 3317 ι.
342 3281 528 3317 xxun.
569 3270 631 3317 15
687 3280 760 3317 est
801 3265 956 3316 herba
989 3266 1224 3315 chamaer-
1197 3282 1349 3337 rapu
1380 3281 1490 3316 tum
1527 3276 1649 3317 xm.
1672 3278 1727 3327 4.
1760 3261 2022 3313 chamaere
1968 3280 2108 3334 repes
2124 3260 2365 3335 palmae.

177 3354 208 3387 e
243 3340 316 3389 La
317 3354 446 3387 cuna
491 3354 723 3389 uersuum
767 3337 1034 3389 tredecim.

269 3510 292 3548 1
343 3490 560 3549 Confer
600 3491 676 3548 ad
717 3490 933 3550 Anton.
980 3490 1124 3568 imp.
1171 3494 1216 3551 1.
1303 3486 1546 3558 amisse,
1580 3490 1899 3558 Arionem,
1924 3498 2133 3565 atque,
2166 3499 2233 3545 ut
2253 3508 2367 3567 pu-

180 3592 236 3632 2.
281 3593 342 3650 Ρ.
389 3576 518 3643 146.
1298 3584 1406 3641 to,
1447 3572 1560 3630 alia
1587 3567 1901 3651 deperdita
1923 3572 2167 3649 scripta.
2204 3575 2363 3629 Cun-

261 3678 294 3715 2
343 3658 482 3714 Post
514 3654 912 3733 quaternionis
957 3678 1048 3713 ιιι
1086 3664 1112 3730 (
1151 3678 1211 3741 Ρ.
1304 3655 1382 3712 cti
1407 3669 1599 3713 autem
1617 3677 1807 3735 ,quos
1826 3654 1967 3713 hinc
1986 3655 2359 3731 subiungam,

184 3736 340 3813 156)
373 3751 608 3809 notam,
650 3740 814 3797 nulla
849 3738 992 3797 mihi
1025 3760 1084 3796 se
1105 3741 1219 3799 ob—
1298 3738 1441 3797 libri
1476 3738 1570 3797 uel
1587 3740 1875 3821 aliquam
1910 3737 2361 3816 quaternionum

175 3820 311 3879 tulit
351 3822 466 3879 alia
506 3834 640 3879 ante
687 3820 842 3882 hanc
893 3846 1094 3883 xxvix.
1153 3826 1222 3883 ln
1305 3835 1502 3879 notam
1571 3823 1913 3901 impressam
1951 3820 2212 3891 habent,
2264 3822 2363 3880 uel

174 3900 292 3963 hoc
325 3904 506 3981 igitur
537 3904 762 3982 ingenti
799 3905 963 3963 hiatu
1019 3906 1220 3965 sedem
1308 3926 1438 3965 cum
1457 3926 1528 3963 us
1560 3906 1731 3966 libris
1766 3906 2078 3965 cohaerent
2100 3904 2197 3983 qui
2218 3916 2362 3962 nota

173 3984 396 4047 habere
447 3988 679 4064 putaui,
734 4001 967 4067 praeter
1015 4010 1227 4048 secun-
1307 4009 1425 4047 non
1475 4004 1711 4049 carent.
1772 3994 1964 4061 Quam
1996 3988 2073 4046 ob
2118 4008 2241 4046 rem
2277 3986 2356 4045 de

175 4071 317 4129 dum
352 4071 570 4129 librum
605 4071 684 4129 ad
715 4072 898 4130 Anni
883 4092 1022 4149 imp.
1047 4116 1066 4143 ,
1104 4074 1227 4149 epi·
1309 4072 1518 4130 ordine
1570 4074 1984 4150 opusculorum
2023 4071 2081 4129 in
2150 4068 2352 4130 codice

169 4154 352 4212 stulas
385 4154 464 4211 ad
496 4156 718 4211 Verum
754 4156 913 4233 imp.,
957 4154 1031 4211 de
1059 4154 1218 4215 bello
1304 4154 1578 4215 dubitare
1615 4156 1891 4235 deinceps
1923 4175 2043 4213 non
2063 4152 2304 4215 licebit.

168 4234 480 4316 parthico,
534 4236 804 4297 alsienses
826 4282 844 4311 ‚
879 4239 954 4296 de
1003 4252 1218 4318 nepote
