3384 5134
1005 516 1324 567 mnne
1437 518 1464 565 ι
2158 522 2303 595 291

213 750 500 801 xvnn.
553 748 844 817 PRONTO
901 743 1310 798 Plunclmo
1369 743 1812 797 pompeano
1867 741 2262 799 SALUTEM.

373 940 588 1011 Leon
645 932 1014 1025 carissime
1061 936 1242 1009 mihi
1285 984 1709 1008 ......

854 1184 988 1235 XX·
1069 1186 1184 1233 ct..
1245 1184 1562 1235 IULIANO
1605 1214 1624 1229 .

373 1338 739 1453 Hiems-rr
783 1336 999 1435 igitur
1028 1336 1237 1411 domi
1271 1352 1304 1387 ²
1361 1392 1382 1408 .
1443 1392 1463 1408 .
1523 1392 1544 1407 .

243 1514 264 1528 .
326 1512 344 1527 .
381 1450 418 1507 b
452 1481 720 1529 omnes·
751 1455 1234 1565 prouinciales
1289 1455 1492 1560 loqui
1522 1511 1540 1526 .
1596 1452 1825 1527 Multa
1857 1456 2073 1527 etiam
2100 1453 2313 1527 laho-

153 1579 420 1653 riosius
455 1578 721 1671 facere,
759 1604 976 1677 quam
1013 1579 1168 1679 ipsa
1191 1604 1302 1650 res
1333 1576 1654 1677 postulat
1680 1610 1700 1646 =
1755 1590 1916 1647 acta
1957 1578 2315 1673 cognitio-

155 1724 391 1791 num,
447 1697 785 1796 epistulas
845 1700 1084 1771 omnis
1141 1697 1444 1801 denique
1493 1695 1588 1767 ad
1619 1697 2083 1796 prouinciam
2116 1696 2315 1769 adti-

158 1832 412 1891 nentes
446 1872 464 1887 .
521 1820 624 1891 Te
671 1817 1028 1892 iuuabunt
1085 1818 1364 1919 tuisque
1401 1872 1420 1889 .
1477 1873 1496 1889 .
1539 1842 1682 1893 con
1716 1872 1737 1889 .
1794 1874 1813 1888 .
1853 1816 2149 1891 adsidue
2182 1874 2201 1890 .
2240 1874 2259 1887 .
2283 1829 2319 1865 ⁰

163 1966 466 2013 munera
509 1941 744 2013 obires
777 1932 810 1987 ὅ
841 1996 862 2013 .
892 1996 910 2011 .
942 1966 1112 2014 cum
1147 1940 1422 2014 honore
1459 1938 1934 2038 prouinciales
1963 1952 2271 2010 tractare
2302 1970 2323 2007 ε

163 2074 252 2131 ut
272 2086 522 2133 uerum
558 2061 649 2132 sit
687 2060 890 2159 quod
925 2061 1198 2159 antiqui
1237 2075 1508 2133 ueteres
1531 2059 1913 2132 edixerunt
1961 2066 2077 2132 τοῦ
2122 2060 2329 2129 αὑτοῦ

165 2180 316 2267 εἶναι
364 2184 468 2250 καὶ
512 2183 769 2272 παίζειν
811 2183 918 2251 καὶ
961 2183 1352 2275 σπουθοίζην
1383 2238 1400 2251 .
1459 2180 1925 2254 Ualerianum
1950 2192 1969 2226 ¹
2009 2232 2056 2247 ..
2088 2176 2327 2248 bonus

167 2298 288 2373 εἴ.
316 2353 334 2368 .
367 2295 494 2368 bui
529 2350 574 2367 ..
615 2294 994 2370 studebam
1027 2289 1054 2345 f
1081 2350 1100 2367 .
1137 2354 1156 2368 .
1201 2298 1580 2375 conclusus
1615 2334 1632 2371 ε
1679 2322 1811 2373 nec
1844 2326 1967 2371 me
2006 2296 2329 2371 Ualeria-

167 2444 308 2491 nus
357 2432 604 2491 noster
639 2419 882 2492 uidere
921 2423 1213 2520 potuit‘.
1273 2426 1330 2495 A
1374 2425 1707 2497 Dominis
1766 2422 2032 2495 nostris
2084 2422 2327 2519 impe-

171 2536 538 2609 ratoribus
573 2562 718 2610 non
744 2552 1048 2653 propter
1071 2539 1268 2615 aliud
1308 2543 1535 2647 amari
1557 2568 1672 2615 me
1714 2556 1896 2641 opto
1930 2594 1951 2633 ‚
2008 2538 2228 2639 quem
2248 2552 2331 2610 ut

173 2666 246 2724 te
281 2678 566 2751 quoque
602 2656 1034 2755 participem
1069 2660 1210 2729 mei
1231 2654 1578 2759 ⁸eorporis
1613 2672 1684 2732 et
1712 2659 1937 2731 animi
1974 2656 2277 2753 diligant
2308 2688 2329 2725 ε

171 2786 453 2843 etcum
497 2770 818 2845 bonitate
869 2800 1122 2849 eorum
1179 2791 1414 2849 certus
1465 2804 1627 2849 sum
1665 2776 1767 2849 ita
1804 2776 1959 2849 fore
1996 2830 2014 2845 .
2080 2775 2327 2864 Quom

177 2891 318 2962 tibi
379 2891 772 2964 scriberem
823 2948 844 2985 .,
909 2894 1130 2993 paulo
1207 2880 1672 2977 commodiu‘s
1746 2896 2073 2970 ualeham
2104 2950 2121 2965 .
2179 2894 2359 2965 Ad·-

174 3010 322 3080 hue
358 3007 652 3108 quidem
715 3034 799 3080 eo
851 3023 1178 3112 tempore
1209 3040 1406 3090 eram
1434 3014 1535 3087 'ex
1570 3014 1987 3111 longissima
2017 3038 2179 3084 mea
2210 3036 2334 3081 ua·-

179 3126 500 3199 letudine
526 3182 550 3221 .,
593 3152 813 3227 quam
855 3144 1102 3203 contra
1145 3156 1394 3205 curam
1423 3144 1458 3199 8
1495 3186 1518 3205 .
1545 3188 1564 3203 .
1589 3160 1811 3232 aeque
1841 3124 1883 3181 ¹¹
1928 3184 1949 3201 .
2006 3184 2027 3199 .
2084 3183 2103 3200 .
2144 3127 2335 3201 male

180 3241 538 3314 mulcauit
583 3246 877 3317 recitaui
910 3247 986 3319 in
1024 3261 1269 3322 senatu
1305 3250 1477 3323 satis
1511 3242 1530 3296 i
1569 3304 1588 3321 .
1628 3305 1647 3321 .
1689 3306 1711 3321 .
1750 3262 2147 3350 repeterem
2200 3270 2343 3345 po·-

181 3360 572 3436 stularetur
596 3421 614 3436 .
652 3370 708 3438 F
711 3392 796 3440 ae
827 3424 845 3463 ,
879 3369 984 3439 mi
1011 3369 1338 3479 Neucelli
1362 3427 1385 3466 ,
1441 3370 1871 3445 ualetudinis
1899 3382 2058 3442 tuae
2092 3392 2341 3438 curam

185 3507 402 3578 agaS,
459 3497 541 3555 ut
596 3485 802 3561 fortis
856 3486 950 3560 ad
1001 3513 1132 3559 nos
1187 3491 1426 3568 uenias
1455 3546 1479 3567 ..
1528 3490 1623 3561 Di
1687 3488 2205 3590 praestabunt,
2262 3496 2345 3556 ut

257 3645 294 3675 a
329 3628 406 3677 Ex
435 3630 598 3679 indice
626 3630 720 3681 hoe
739 3632 932 3681 initium
963 3650 1104 3682 numo
1128 3666 1142 3681 .
1218 3632 1248 3682 b
1285 3636 1546 3701 Sequente-³
1585 3636 1817 3703 reliquiae
1865 3635 2113 3700 pertinent
2145 3630 2347 3699 quidem

187 3698 254 3747 ad
295 3700 554 3763 epistulam
599 3705 826 3769 scriptam
859 3702 1074 3764 Iulian03
1125 3721 1296 3752 nerum
1348 3720 1512 3755 utrum
1548 3708 1644 3759 nint
1676 3720 1835 3772 partes
1871 3704 2049 3763 huius,
2088 3722 2149 3752 nn
2183 3701 2347 3767 potius

189 3772 434 3836 sequentis
457 3808 472 3831 ,
507 3790 570 3820 an
625 3777 916 3840 utriusque„
971 3774 1171 3824 definire
1223 3792 1322 3824 non
1357 3776 1513 3827 audeo
1538 3812 1551 3827 .
1621 3794 1650 3827 c
1684 3777 1963 3827 Oblitternti
2024 3788 2136 3824 eunt
2182 3788 2347 3819 uersu·

149 3908 162 3920 ι
187 3858 348 3906 prope
377 3854 502 3893 tres.
573 3843 610 3889 d
643 3845 830 3909 Supple
885 3862 1039 3896 unum¹
1087 3848 1292 3895 uerbum
1316 3883 1327 3894 .
1398 3862 1424 3892 e
1459 3850 1584 3917 Lege
1625 3849 1919 3897 Frontonem
1965 3847 2016 3894 in
2067 3842 2345 3893 differentiis

191 3912 550 3961 uocabolorum
570 3949 583 3964 .
611 3913 708 3963 Sed
737 3932 852 3961 num
902 3916 1160 3983 legendum
1197 3917 1339 3964 aoea'ci
1377 3934 1468 3981 pro
1502 3919 1740 3986 antiqeu'?
1775 3920 1831 3969 Β.
1854 3946 1867 3956 ·
1898 3916 1937 3985 f
1959 3920 2019 3967 In
2054 3916 2128 3965 hie
2163 3912 2347 3961 lacunis

187 3980 342 4030 latent
368 3994 540 4031 uersu·
567 3998 712 4031 octo.
783 4002 820 4051 g
855 3986 1042 4052 Supple
1083 4004 1310 4038 uernum.
1381 3987 1416 4035 h
1453 3990 1579 4039 Exin
1621 4004 1789 4038 uersu·
1838 4004 1873 4039 x
1926 3988 2019 4057 legi
2060 3998 2349 4056 nequeunt!

188 4050 208 4097 ἱ
243 4052 434 4119 Supple
473 4052 595 4103 duos
631 4072 830 4105 nereus.

281 4182 302 4217 1
359 4162 736 4222 Valerianum
761 4165 1080 4223 Pertinaci5
1103 4186 1228 4221 rna-
1310 4168 1518 4227 tatoris
1553 4170 1672 4227 uita
1722 4190 1847 4246 cap.
1889 4192 2003 4228 κη.

196 4241 444 4317 gistrum
467 4246 732 4306 nouimus
753 4268 820 4307 ex
839 4246 1014 4306 huius
1049 4247 1228 4327 impe-

1735 4346 1779 4388 ἡ
