3384 5134
1060 481 1105 530 1.
1137 484 1163 530 1
1195 485 1230 530 n
1257 485 1298 532 n
1329 485 1373 534 n
1429 484 1494 532 11
2062 469 2067 472 ’
2246 463 2347 563 3'7

295 577 594 652 Dicitur
645 601 736 650 ex
777 573 968 650 collo
1004 575 1256 650 furtim
1309 579 1654 680 carpsisse
1689 603 1993 676 coronas

295 699 714 799 Postquam
737 713 848 770 est
875 699 1199 798 inpransi
1225 725 1478 802 correp
1489 715 1602 774 tus
1629 714 1658 750 ⁸
1686 727 1871 774 uoce
1908 700 2265 799 magistri¹
2282 755 2303 776 .

406 821 692 894 Uersus
715 876 740 912 .,
796 847 982 920 quos
1041 821 1225 894 mihi
1259 824 1548 896 miseras
1586 835 1620 874 ²
1657 878 1679 917 ‚
1739 823 1985 900 remisi
2046 820 2179 894 tibi
2226 845 2357 920 per

185 939 672 1012 Uictorinum
705 955 1038 1014 nostrum
1068 931 1102 990 3
1143 994 1166 1033 ,
1212 955 1424 1041 atque
1470 943 1570 1014 ita
1600 941 1849 1016 remisi
1884 975 1904 1012 ε
1956 940 2285 1014 chartam
2314 929 2356 991 ¹¹
2418 987 2425 992 ·

181 1057 570 1156 diligenter
619 1059 774 1135 lino
833 1063 1103 1134 transui
1139 1117 1160 1154 ,
1217 1075 1292 1134 et
1349 1063 1448 1136 ita
1495 1061 1727 1134 linum
1787 1061 2153 1160 obsignaui
2182 1085 2351 1157 ,die

176 1180 568 1254 musculus
601 1181 738 1256 iste
788 1178 1066 1279 aliquid
1101 1181 1336 1280 aliqua
1374 1180 1626 1254 rimari
1661 1180 1897 1280 possit
1924 1235 1941 1252 .
1982 1181 2173 1254 Nam
2210 1180 2354 1254 mi·-

181 1295 262 1369 hi
301 1299 466 1398 ipse
505 1299 596 1372 de
654 1301 806 1378 tuis
835 1299 1312 1374 hexametriss
1329 1325 1731 1400 numquam
1766 1301 2153 1400 quicquam
2194 1301 2349 1377 im·-

177 1419 494 1518 pertiuit
523 1456 542 1492 =
575 1422 676 1496 ita
713 1437 824 1496 est
848 1421 1080 1496 malus
1107 1447 1190 1496 ac
1223 1418 1662 1494 malitiosus:
1692 1434 1800 1494 set
1835 1434 1865 1468 Ε
1902 1423 2003 1496 ait
2040 1435 2107 1494 te
2129 1421 2218 1495 de
2240 1423 2353 1496 in-

179 1536 466 1612 dustria
497 1541 648 1613 cito
688 1555 762 1613 et
795 1539 1066 1614 cursim
1099 1537 1557 1613 hexametros
1595 1531 1634 1588 ¹³
1667 1552 1836 1612 tuos
1886 1541 2185 1616 recitare
2212 1575 2231 1612 ε
2264 1569 2351 1615 eo

181 1685 258 1733 se
281 1663 697 1738 memoriae
719 1663 1058 1742 mandare
1091 1687 1238 1740 non
1268 1687 1480 1768 posse
1501 1718 1518 1740 .
1547 1663 2059 1740 Remuneratus
2084 1675 2193 1740 est
2219 1663 2351 1760 igi-

183 1793 307 1852 tur
345 1809 390 1855 a
431 1807 556 1856 me
587 1797 842 1857 mutuo
877 1837 894 1853 .
941 1777 1259 1884 [Paria]
1291 1782 1508 1856 habet
1535 1837 1558 1876 ‚
1593 1808 1682 1854 ne
1720 1779 1951 1858 ullum
1988 1781 2158 1858 hinc
2190 1809 2352 1854 uer-

181 1925 354 1974 sum
385 1900 674 1975 audiret
698 1957 715 1972 .
746 1902 1042 1976 Memini
1063 1902 1290 1976 etiam
1317 1916 1388 1975 te
1412 1901 1812 2000 frequenter
1834 1955 1857 1993 ‚
1890 1923 1977 1975 ne
2010 1899 2351 2005 cuiquam

179 2045 440 2094 uersus
483 2035 646 2095 tuos
677 2021 1131 2096 ostenderem
1160 2077 1183 2115 .,
1225 2021 1682 2094 admonuisse
1711 2073 1732 2092 .

399 2141 605 2232 Quid
641 2157 754 2216 est
778 2199 801 2238 ‚
843 2143 1153 2216 Domine
1175 2134 1218 2215 ?
1271 2141 1482 2214 Certe
1529 2140 1777 2213 hilaris
1810 2167 1883 2215 es
1914 2196 1936 2235 ‚
1994 2152 2183 2216 certe
2222 2136 2349 2212 be-

175 2287 275 2334 ne
310 2259 562 2356 uales3
613 2262 942 2340 omnium
997 2285 1238 2340 rerum
1279 2273 1468 2337 certe
1501 2287 1713 2340 sanus
1740 2286 1813 2332 es
1835 2315 1852 2330 .
1889 2241 2073 2333 Male
2100 2271 2130 2308 e
2163 2257 2345 2332 dum

177 2380 525 2455 similiter
549 2407 643 2455 ne
663 2409 1016 2488 umquam
1044 2408 1178 2455 nos
1202 2379 1574 2481 perturbes
1623 2395 1705 2453 ut
1760 2378 1982 2451 natali
2020 2393 2145 2452 tuo
2178 2403 2343 2482 per-

173 2497 520 2596 turbasti‚
553 2517 784 2578 cetera
815 2503 1050 2582 minus
1074 2502 1331 2581 laboro
1354 2555 1373 2576 .
1399 2501 1474 2570 Εἴ
1496 2503 1563 2568 vs'
1577 2499 1711 2571 free
1736 2493 1947 2574 κακὸν,
1972 2501 2052 2576 εἷς
2072 2497 2343 2592 nubtial-

175 2653 268 2696 ω
324 2631 366 2686 8
397 2626 670 2710 κεφαλῶν
696 2679 717 2701 .
754 2621 976 2717 Uale,
1023 2649 1266 2696 meum
1301 2617 1643 2718 gaudium
1669 2667 1695 2708 ‚
1751 2637 1907 2684 mea
1943 2612 2283 2686 securitas
2314 2667 2345 2708 ,

175 2738 514 2815 hilaritas
541 2796 566 2837 ‚
624 2740 850 2841 gloria
888 2796 906 2813 .
961 2741 1150 2818 Uale
1178 2797 1201 2838 ‚
1245 2756 1315 2815 et
1363 2765 1481 2812 me
1517 2793 1540 2836 .,
1581 2735 1885 2811 obsecro
1916 2787 1939 2830 .,
1980 2733 2353 2816 omnimo-

179 2857 276 2936 de
299 2885 502 2938 ames
529 2888 670 2970 qua
697 2861 862 2940 ioco
899 2891 1038 2965 qua
1071 2863 1254 2943 serio
1282 2917 1302 2939 .

246 3065 286 3097 a
321 3047 448 3099 cod.
481 3061 748 3118 eomqnus
769 3085 784 3099 .
853 3050 884 3102 b
918 3050 1041 3100 Cod.
1065 3049 1298 3100 cartham
1317 3082 1332 3097 .
1402 3062 1432 3096 c
1463 3044 1542 3094 Iu
1562 3041 1674 3092 cod.
1693 3058 1785 3106 pro
1807 3040 1895 3091 secl
1913 3075 1929 3088 .
1996 3039 2036 3088 d
2068 3040 2193 3090 Cod-
2211 3057 2341 3092 exa-

177 3137 368 3178 metros
389 3163 405 3177 .
474 3143 504 3176 e
539 3129 607 3178 Η.
642 3132 816 3184 tundet
848 3135 1010 3204 legere
1041 3131 1192 3182 uale-
1250 3125 1302 3202 f
1324 3130 1386 3180 In
1422 3125 1530 3177 cod.
1569 3123 1789 3193 legebam
1809 3131 1914 3172 οπο
1938 3152 1952 3167 ·
2018 3139 2057 3190 g
2093 3120 2216 3170 eod.
2253 3123 2343 3173 ni·-

179 3215 392 3270 debatm
415 3215 610 3294 vapv
633 3226 658 3284 ἦ
693 3223 780 3271 eod
815 3223 995 3286 recipio
1023 3219 1320 3286 praeclaram
1337 3217 1596 3270 lectionem
1618 3215 1901 3269 Buttmnnui
1932 3228 1959 3263 e
1996 3207 2177 3260 Zenob-
2211 3223 2344 3275 pro-

183 3297 330 3344 terh.
361 3311 490 3346 cent.
514 3309 591 3348 xv.
613 3310 644 3342 ²
668 3331 684 3354 ,
709 3295 836 3352 unde
854 3295 1188 3364 cognoscimus
1215 3294 1377 3346 solitos
1401 3285 1550 3350 faiis„
1581 3295 1941 3366 Pyr-rhaeorum
1978 3289 2209 3344 finitimo·
2249 3287 2347 3340 hae

178 3368 256 3418 nti
289 3365 512 3416 dirarum
534 3365 744 3417 formul.
771 3401 786 3414 .

273 3499 296 3536 ι
357 3475 718 3552 Augustinus
753 3499 846 3554 ep.
899 3497 1078 3536 cxmv
1101 3477 1230 3536 Cir·-
1311 3498 1446 3536 num
1469 3489 1528 3534 et
1546 3475 1703 3552 ipsos
1721 3516 1739 3541 ,
1760 3484 1827 3530 ut
1846 3485 1991 3550 puto
2009 3515 2027 3542 ‚
2052 3469 2345 3532 Cirtenses

177 3560 447 3618 tensibus
481 3561 796 3617 Frontonis
840 3559 1064 3617 ciuibus
1102 3581 1228 3618 res«-
1309 3560 1518 3638 legisse
1537 3558 1640 3614 has
1659 3557 1969 3614 Frontonis
2000 3555 2225 3614 litteras
2244 3596 2255 3607 .

177 3643 454 3718 pendens
471 3640 566 3698 ait:
595 3646 942 3701 xenocrates
962 3647 1232 3701 Polemo·
1393 3665 1425 3702 α
1473 3646 1560 3698 De
1593 3639 1851 3702 uersibus
1871 3639 2047 3696 Marci
2068 3637 2147 3696 ad
2160 3639 2203 3693 F
2208 3656 2343 3697 ron·-

175 3745 310 3785 m
328 3768 348 3795 ,
383 3737 454 3783 nt
481 3725 752 3784 set-ibitis
773 3769 792 3795 ‚
811 3736 867 3784 et
899 3745 1007 3784 nos
1038 3747 1114 3783 ex
1145 3730 1232 3784 51-
1313 3738 1508 3782 tonem
1553 3722 1851 3782 mittendis
1884 3721 2075 3784 recole
2116 3720 2343 3798 epistu-

177 3811 264 3864 lis
293 3813 520 3866 litteris
549 3809 928 3866 recordamur
948 3848 966 3876 ,
998 3809 1071 3864 de
1077 3810 1228 3885 sru-
1307 3807 1424 3865 lam
1463 3828 1602 3863 xm.
1639 3804 1777 3861 libri
1802 3803 1975 3861 huius
1997 3844 2011 3857 .
2234 3853 2262 3866 ,,

177 3891 1222 3968 ςεῖαιψεναηεὶαεάίερηεαηᾱο,ηοη
1391 3891 1426 3948 3
1472 3887 1737 3946 Aufidius
1774 3885 2111 3946 Victorinus
2156 3881 2339 3940 Marci

179 3977 376 4030 solum
434 3975 731 4031 ebriosum
787 3993 988 4034 uerum
1042 3979 1219 4038 etiam
1302 3971 1737 4047 condiscipulus
1803 3969 1914 4026 suit
1940 4013 1958 4040 ‚
2010 3967 2083 4024 ab
2152 3984 2337 4040 eoquo

177 4065 320 4112 tum
351 4057 574 4115 ebt-ium
597 4095 618 4124 ,
639 4057 926 4116 admores
959 4059 1116 4116 alios
1128 4077 1219 4114 re-
1297 4053 1612 4132 praecipue
1679 4052 1929 4113 dilectus
1984 4093 1999 4114 .
2080 4045 2339 4131 Capilol·

171 4149 346 4210 pem
383 4143 680 4196 coaeter-tit
702 4180 715 4191 .
761 4137 912 4202 Hinc
947 4137 1224 4198 uidelicet
1307 4135 1413 4207 uit,
1449 4137 1558 4201 lll-

183 4219 320 4277 satis
359 4219 762 4304 cognoscimus
815 4231 874 4278 et
937 4218 1229 4300 Augusti-
