3384 5134
777 500 1554 579 rurnns'rontm
1720 518 1725 523 ’
2079 511 2210 583 181

86 626 384 723 suadet,
441 623 755 720 mulcet,
799 624 1016 698 docet
1055 624 1110 720 ,'
1149 626 1567 700 consolatur
1601 680 1618 695 .
1678 626 2005 727 Denique
2054 653 2230 728 pro-

85 778 280 825 uoco
322 749 670 825 audacter
701 745 1124 819 condicione
1157 760 1388 819 uetere
1418 758 1437 792 ¹
1466 778 1486 817 ε
1541 748 1854 820 omittite
1883 748 2225 849 eloquen-

88 871 274 963 tiam
305 926 329 966 ‚
367 885 440 943 et
473 869 868 969 imperate3
911 865 1260 939 orationes
1307 866 1382 937 in
1418 880 1662 939 senatu
1692 864 1947 938 habere
1996 865 2225 937 omit-

91 991 216 1061 tite
259 1044 288 1082 ‚
347 1003 420 1063 et
475 988 892 1080 Armeniam
942 985 1282 1059 subicite:
1346 983 1468 1065 alii
1489 1002 1775 1085 quoque
1812 985 2031 1058 duces
2062 994 2227 1056 ante

90 1134 224 1195 uos
267 1110 690 1182 Armeniam
729 1107 1154 1204 subegerunt
1184 1140 1204 1176 ε
1253 1106 1379 1180 sed
1431 1134 1569 1203 una
1615 1104 2047 1199 mehercules
2104 1118 2227 1175 tua

95 1226 410 1330 epistula
431 1283 452 1323 ,
479 1256 616 1301 una
649 1228 751 1300 tui
780 1227 1016 1299 fratris
1039 1226 1129 1299 de
1159 1240 1226 1298 te
1251 1227 1532 1327 tuisque
1551 1226 1935 1299 uirtutibus
1971 1225 2232 1331 oratio!

95 1346 418 1421 nobilior
455 1346 545 1419 ad
581 1343 884 1443 gloriam
915 1398 937 1433 ‚
969 1356 1039 1415 et
1072 1343 1162 1417 ad
1199 1358 1530 1445 posteros
1574 1342 1998 1419 celebratior
2031 1342 2169 1416 erit
2201 1395 2231 1437 ‚

99 1492 322 1567 quam
361 1462 680 1566 plerique
733 1462 1150 1563 principum
1191 1464 1583 1565 triumphi.
1641 1464 2023 1537 Uentidius
2060 1461 2179 1535 ille
2209 1514 2234 1551 ,

97 1601 497 1687 postquam
511 1582 818 1655 Parthos
841 1581 1030 1655 fudit
1055 1584 1479 1687 fugauitque,
1503 1583 1598 1657 ad
1617 1584 2003 1658 uictoriam
2028 1606 2235 1655 suam

99 1704 680 1807 praedicandam,
701 1706 1096 1779 orationem
1115 1734 1154 1779 a
1179 1710 1302 1781 ·G·
1325 1706 1657 1793 Sallustio
1675 1720 2035 1781 mutuatus
2056 1716 2163 1776 est
2176 1713 2237 1771 ²2

102 1839 177 1900 et
193 1828 434 1901 Nerua
461 1826 645 1901 facta
674 1826 892 1899 suain
915 1840 1158 1900 senatu
1181 1826 1418 1900 uerbis
1445 1828 1802 1925 rogaticiis
1820 1840 1849 1876 ⁸
1868 1847 2243 1899 commen-

106 1944 336 2018 dauit.
355 1946 542 2019 Item
554 1945 873 2046 plerique
887 1960 1046 2019 ante
1065 1960 1390 2046 parentes
1413 1961 1689 2019 uestros
1704 1941 2243 2045 propemodum

107 2066 432 2139 infantes·
455 2078 530 2137 et
575 2063 882 2163 elingues
923 2064 1288 2168 principes
1325 2028 1616 2140 ‘fuerunt
1646 2123 1668 2160 .‚
1725 2067 1849 2167 qui
1894 2066 1983 2137 de
2021 2063 2235 2138 rebus

109 2182 418 2257 militiae
452 2211 492 2257 a
527 2210 602 2257 se
637 2186 846 2281 gestis
873 2185 1049 2259 nihil
1072 2188 1294 2285 magis
1333 2185 1536 2287 loqui
1561 2200 1856 2288 possent
1885 2210 2102 2285 quam
2128 2208 2245 2281 ga·-

115 2304 265 2379 leae
301 2302 732 2404 loquuntur.
786 2304 1186 2407 Postquam
1223 2334 1335 2381 res
1369 2334 1446 2408 p.
1487 2334 1527 2379 a
1565 2304 2093 2403 magistratibus
2116 2328 2243 2375 an-

115 2425 280 2497 nuis
319 2423 414 2496 ad
459 2426 585 2499 ·G·
628 2426 1000 2499 Caesarem
1025 2420 1104 2516 *‚
1141 2440 1214 2501 et
1249 2452 1427 2502 mox
1463 2426 1556 2499 ad
1594 2429 1995 2523 Augustum
2038 2420 2249 2497 trala-
2528 2488 2562 2523 a

117 2558 192 2617 ta
223 2556 355 2633 est,
379 2544 655 2619 Caesari
683 2546 976 2648 quidem
1001 2546 1410 2625 facultatem
1441 2547 1729 2621 dicendi
1746 2546 1952 2621 uideo
1972 2538 2009 2649 Η
2042 2540 2242 2618 *im-
2342 2566 2434 2647 εγ
2446 2562 2727 2649 codic-effis-

117 2676 542 2761 peratorum
593 2659 630 2715 b
668 2665 928 2761 fuisset,
965 2670 1368 2766 Augustum
1407 2694 1576 2743 uero
1604 2666 1864 2740 saeculi
1902 2666 2162 2739 residui
2210 2676 2245 2713 0
2344 2631 2620 2683 *mm
2657 2634 2684 2684 ³
2710 2670 2727 2685 ⁶

117 2778 472 2878 eleganter
497 2796 564 2857 et
601 2781 812 2857 latine
835 2776 908 2873 d,
955 2784 1231 2884 linguae
1261 2786 1480 2861 etiam
1517 2800 1674 2859 tum
1709 2786 1985 2883 integro
2008 2782 2257 2884 lepore

343 3030 378 3061 ⁴
424 3031 524 3097 M.
573 3030 671 3097 De
721 3032 830 3097 ·G·
871 3034 1165 3101 Caesaris
1219 3030 1588 3121 eloquentia
1610 3078 1630 3111 ‚
1689 3033 1773 3098 de
1816 3028 2101 3123 Augusti
2137 3031 2254 3095 di-

129 3120 330 3185 cendi
360 3117 583 3209 lepore
610 3165 631 3200 ‚
667 3123 749 3188 de
780 3120 1031 3189 Tiberii
1063 3122 1386 3189 nonnulla
1433 3121 1761 3190 litteratae
1796 3122 2101 3188 scientiae
2128 3164 2149 3200 ‚
2172 3120 2257 3185 de

130 3209 546 3300 reliquorum
587 3214 1058 3303 imperatorum
1102 3216 1426 3305 imperitia
1465 3264 1482 3280 .

207 3451 244 3483 a
277 3432 340 3483 In
382 3436 597 3505 margine
621 3471 636 3494 ,
679 3434 762 3484 ubi
797 3436 1032 3499 repetitur
1089 3432 1225 3483 locus
1251 3470 1264 3491 ‚
1299 3448 1370 3484 sot
1409 3434 1704 3501 rogatare‘e's.
1770 3432 1803 3483 b
1838 3433 1913 3489 In
1952 3432 2065 3481 olim
2097 3430 2265 3488 edidi.

139 3504 236 3557 sed
271 3508 502 3571 quonian
539 3506 590 3553 in
635 3504 801 3556 codice
841 3504 1180 3555 mediolanensi
1223 3504 1408 3554 litterae
1443 3520 1552 3569 post
1593 3506 1857 3573 imperator
1900 3502 2041 3553 ualde
2074 3505 2266 3553 obscu-

137 3590 274 3626 ntae
303 3590 446 3631 sunt,
474 3574 760 3625 dubitabam
801 3594 864 3627 an
898 3576 1054 3648 legere
1080 3573 1331 3627 debuerim
1369 3576 1731 3645 &reperatur-iam
1752 3612 1789 3647 ,ι
1832 3590 1863 3622 c
1896 3570 2111 3625 Sebeda-e
2150 3592 2227 3626 res
2245 3610 2263 3626 .

138 3646 178 3694 d
215 3646 293 3697 lta
331 3645 436 3717 lego
471 3647 524 3696 in
567 3646 752 3697 ochodi-
775 3684 790 3697 .

231 3832 258 3871 s
307 3812 458 3871 Hinc
489 3833 714 3891 quoque
746 3813 1008 3872 uidemus
1035 3835 1172 3893 pro-
1249 3824 1510 3871 suctores
1535 3855 1552 3880 ,
1593 3810 1707 3869 Dio
1742 3828 2101 3871 nanu-21.

147 3896 514 3955 uocationem
557 3896 780 3955 iamdiu
817 3896 989 3955 fuisse
1011 3888 1170 3957 -sub-
1329 3896 1367 3955 3
1413 3895 1723 3971 Aptissime
1769 3892 2029 3951 cohaeret
2049 3904 2273 3951 senten-

143 3976 352 4035 latam.
1245 3974 1328 4036 tia
1347 4005 1366 4047 ς
1388 3989 1719 4055 constatque
1738 3976 1939 4033 iterum
1972 3978 2070 4047 (cs.
2088 3997 2147 4053 p.
2168 3980 2271 4051 39.

229 4082 264 4119 2
311 4062 584 4118 Notemus
612 4059 864 4121 Sallustii
891 4060 1170 4137 deperdi-
1248 4060 1536 4131 ita->folia
1557 4080 1789 4119 romana
1813 4072 1868 4118 et
1886 4060 2275 4115 mediolanen-

147 4156 269 4201 tam
293 4142 606 4201 orationem
631 4186 646 4201 .
685 4143 945 4203 ventidii
975 4144 1173 4201 trium-
1251 4144 1330 4203 sia
1348 4144 1640 4222 pertinere
1672 4142 1750 4200 ad
1788 4162 1962 4201 unum
1978 4143 2273 4207 codicem.

145 4224 336 4303 phuni
382 4238 696 4295 memorat,
761 4238 994 4304 praeter
1029 4224 1172 4285 alios
