3384 5134
1003 439 1110 505 ἰα’
1601 438 1721 503 'An
1800 452 1912 500 ffl-
1996 427 2535 502 ‘onesinum‘

1005 543 1284 622 familia
1317 545 1943 648 quemadmodum
1988 545 2223 646 lugeat
2260 580 2277 617 ε
2334 546 2541 620 aliter
2587 546 2869 648 plangit
2906 573 3152 624 seruus

1003 666 1492 740 manumissus
1530 722 1554 761 .,
1619 665 1825 739 aliter
1885 664 2107 740 cliens
2170 663 2417 738 laudat
2472 682 2774 741 uocatus
2808 682 2841 718 ⁸
2872 725 2895 764 .,
2950 669 3157 742 aliter

1003 789 1283 862 amicus
1337 787 1524 885 legat
1559 778 1596 836 Ι)
1629 786 2025 862 honoratus
2060 841 2080 858 .
2128 786 2325 877 Quid
2384 787 2693 861 incertas
2726 802 2803 860 et
2846 815 3152 892 suspen-

1004 933 1120 980 sas
1155 908 1492 1008 exequias
1535 907 1684 1004 agis
1711 898 1754 978 ?
1815 906 2168 980 Omnium
2226 906 2630 981 animarum
2686 908 2934 981 statim
2981 921 3155 1010 post

997 1041 1320 1101 mortem
1354 1025 1713 1101 hereditas
1748 1039 2076 1099 cernatur
2110 1037 2130 1073 ¹
2160 1081 2179 1096 .
2212 1081 2230 1096 .
2264 1081 2281 1096 .
2314 1040 2476 1101 atra
2506 1084 2525 1098 .
2554 1083 2573 1099 .
2604 1085 2621 1099 .
2655 1041 2850 1102 ueste
2979 1030 3153 1129 pin-

1001 1173 1136 1221 nae
1190 1146 1314 1221 olo
1346 1202 1364 1219 .
1393 1203 1412 1217 .
1443 1203 1461 1218 .
1487 1145 1875 1220 hominum
1924 1144 2157 1218 facere
2202 1144 2383 1224 duas
2409 1201 2426 1218 .
2454 1201 2473 1218 .
2500 1203 2519 1218 .
2547 1160 2723 1248 post
2759 1203 2776 1218 .
2814 1203 2835 1217 .
2873 1203 2892 1219 .
2926 1145 3159 1219 defer-

1001 1279 1126 1340 tur
1184 1263 1568 1367 praedonis
1602 1276 1633 1312 ⁰
1671 1319 1690 1336 .
1721 1318 1741 1335 .
1781 1319 1800 1334 .
1832 1275 2005 1364 post
2060 1261 2427 1363 plangitur
2464 1321 2483 1336 .
2523 1265 2713 1339 Puto
2748 1281 2987 1341 totum
3016 1263 3153 1338 de-

1003 1389 1300 1490 scripsi.
1329 1387 1530 1480 Quid
1561 1414 1730 1485 ergo
1764 1387 2079 1460 facerent
2109 1385 2311 1487 quod
2342 1401 2580 1463 totum
2613 1444 2636 1482 ‚
2686 1414 2772 1461 ac
2806 1389 2987 1462 mire
3028 1399 3155 1459 to·-

1002 1525 1166 1586 tum
1217 1535 1539 1584 amarem
1584 1508 1964 1582 hominem
1996 1507 2274 1584 bonum
2299 1501 2342 1584 ’.Ρ
2394 1507 2577 1582 Uale
2634 1509 3090 1586 disertissime
3126 1559 3154 1600 ‚

1001 1631 1426 1706 doctissime
1465 1687 1488 1726 .,
1559 1629 1743 1702 mihi
1812 1630 2179 1704 carissime
2206 1688 2231 1727 ‚
2294 1629 2709 1706 dulcissime
2736 1688 2759 1727 .,
2820 1629 3161 1728 magister

1006 1752 1456 1853 optatissime
1484 1805 1508 1846 .,
1567 1750 1802 1822 amice
1876 1749 2531 1826 desiderantissime
2584 1743 2625 1804 d
2660 1807 2679 1823 .
2736 1749 3077 1826 Horatius
3122 1755 3155 1794 θ

1006 1899 1178 1948 cum
1226 1869 1532 1946 Polione
1565 1869 1749 1942 mihi
1779 1884 2153 1944 emortuus
2182 1883 2294 1944 est
2324 1882 2356 1920 2
2388 1927 2405 1942 .
2460 1870 2550 1943 Id
2584 1868 2906 1944 Herodes
2938 1859 2974 1916 3
3008 1891 3163 1938 non

1005 2017 1236 2093 aequo
1270 1992 1408 2064 fert
1437 1990 1684 2064 animo
1714 2045 1733 2060 .
1790 1989 1992 2064 Uolo
2032 2004 2117 2062 ut
2148 1988 2255 2062 illi
2286 1989 2565 2090 aliquid
2600 1988 2799 2090 quod
2832 1988 2925 2062 ad
2968 1987 3157 2060 hanc

1006 2138 1165 2188 rem
1219 2113 1518 2186 attineat
1563 2133 1975 2212 paucorum
2034 2109 2426 2184 uerborum
2482 2109 2757 2204 scribas
2786 2164 2805 2180 .
2860 2110 3159 2208 Semper

1015 2229 1174 2306 uale
1196 2290 1220 2310 .

1681 2379 1798 2426 VI·
1866 2377 2160 2427 nummo
2236 2377 2436 2428 MEO.

1214 2593 1504 2670 Acutri
1526 2649 1550 2690 .,
1585 2594 1888 2690 Caesar,
1925 2595 2201 2671 litteras
2240 2611 2424 2690 tuem,
2464 2597 2724 2698 quibus
2762 2605 3165 2696 quantope-

1007 2744 1084 2792 re
1136 2713 1442 2790 laetatus
1495 2715 1637 2788 sim
1661 2771 1686 2811 ‚
1752 2717 1962 2790 facile
2014 2719 2422 2792 aestimauis
2461 2711 2491 2768 f
2514 2773 2539 2813 ‚
2596 2719 2657 2790 si
2728 2717 3169 2817 reputaueris

1007 2835 1281 2937 singula
1317 2893 1336 2908 .
1395 2837 1731 2910 Primum
1770 2853 1995 2939 caput
2026 2855 2137 2914 est
2173 2839 2409 2914 omnis
2482 2839 2627 2912 mei
2690 2837 2925 2936 gaudii
2990 2861 3165 2909 cum

1007 3045 1110 3096 qna
1141 3044 1312 3078 reuera
1346 3025 1606 3093 respondet
1636 3027 1806 3078 Marco
1850 3027 2037 3079 Fronto
2066 3045 2213 3095 cuper
2252 3029 2312 3080 ii·
2346 3027 2578 3079 orationi·
2620 3045 2734 3078 suae
2776 3027 3016 3092 excerptis
3044 3059 3059 3081 ‚
3099 3023 3167 3074 de

1009 3099 1194 3166 quibu·
1229 3115 1384 3148 sermo
1425 3111 1497 3146 eet
1525 3099 1579 3148 in
1615 3097 1823 3164 epistula
1864 3099 1959 3147 hoc
1998 3113 2132 3168 nego
2174 3115 2270 3150 etc.
2341 3117 2378 3147 a
2412 3100 2535 3150 eod.
2569 3098 2909 3150 tmuiazaeaau
2932 3129 2947 3143 .
3018 3094 3048 3144 b
3086 3096 3165 3146 Itu

1009 3167 1123 3218 eod.
1161 3169 1246 3219 ted
1281 3168 1360 3218 die
1381 3167 1438 3215 Ζιι
1479 3179 1530 3215 et
1551 3202 1563 3214 .
1633 3185 1662 3216 c
1699 3168 1833 3219 Malo
1868 3171 2173 3235 praeconis.
2212 3171 2301 3221 nis
2323 3185 2487 3220 autem
2519 3169 2707 3221 lacunis
2742 3183 3013 3236 occupatur
3054 3183 3163 3231 spa.

1009 3241 1140 3290 tium
1175 3255 1408 3290 uersuum
1438 3185 1541 3288 gere
1575 3255 1697 3289 sex.
1766 3239 1805 3289 d
1838 3240 2093 3305 Scriptura
2128 3239 2249 3291 haee
2286 3243 2337 3291 in
2378 3240 2624 3306 lapidibus
2664 3255 2861 3309 quoque
2912 3239 3165 3287 ocem-rit.

1008 3312 1138 3372 Quin
1158 3309 1295 3378 apud
1316 3309 1585 3360 Cnoeiodori
1594 3326 1676 3356 um
1695 3327 1799 3358 nar.
1825 3323 1927 3360 vn·
1951 3324 2031 3372 24,
2048 3326 2098 3361 et
2115 3311 2233 3362 alibi
2254 3347 2268 3368 ,
2286 3312 2711 3361 reuerentissimm
2736 3327 2826 3378 pro
2847 3305 3167 3359 reuerendis-

1009 3382 1170 3431 se'mns
1193 3417 1208 3432 .
1277 3397 1307 3429 e
1341 3379 1554 3431 schedae
1577 3380 1799 3430 Herodes
1818 3414 1833 3436 ‚
1870 3381 2081 3431 secunda
2102 3399 2209 3431 mea
2238 3399 2387 3431 manu
2408 3415 2421 3429 .
2462 3381 2555 3433 Sed
2590 3399 2753 3432 ueram
2787 3382 3043 3431 lectionem
3070 3395 3169 3442 pn·

1009 3463 1066 3500 to
1105 3453 1384 3508 Horatius,
1406 3466 1554 3516 quam
1576 3467 1738 3516 pruna
1756 3453 1923 3517 oct-ipsi
1957 3469 2107 3502 manu
2138 3466 2190 3502 et
2221 3451 2353 3502 edidi
2378 3477 2389 3501 ε
2426 3470 2723 3521 quamquam
2744 3454 2795 3502 in
2820 3450 2989 3501 codiee
3032 3453 3167 3500 scri-

1008 3535 1158 3587 ptum
1193 3539 1364 3572 reuera
1393 3517 1543 3569 credo
1577 3521 1806 3571 Herodes
1830 3556 1845 3571 .
1899 3516 1952 3594 f
1972 3523 2050 3573 It·
2090 3521 2202 3572 eod.
2240 3525 2411 3576 uitio-a
2446 3526 2853 3592 pronunciatione
2882 3539 2975 3589 pro
2994 3523 3167 3580 aestl-

1009 3591 1171 3642 maba‘s
1197 3625 1214 3640 .

1099 3723 1124 3764 ι
1175 3705 1328 3760 Num
1349 3703 1655 3782 responde!
1673 3709 1901 3772 Marcus
1920 3705 2043 3784 epi-0
2124 3707 2309 3768 tolino
2345 3707 2449 3768 uit.
2490 3729 2615 3788 cap,
2638 3711 2714 3767 11.
2750 3705 2992 3764 Publius
3026 3701 3167 3764 Pol-

1011 3783 1200 3844 stulae
1233 3806 1381 3854 vm,
1417 3806 1518 3844 seu
1553 3788 1749 3863 potius
1772 3789 2041 3859 orationi,
2124 3789 2207 3849 lio
2274 3791 2586 3850 comoedus
2634 3789 2793 3868 apud
2826 3785 3167 3867 Symmach-

1011 3867 1326 3930 Frontonis
1339 3867 1664 3928 deasiatieo
1683 3875 2049 3931 testamento?
2130 3894 2225 3952 ep.
2258 3897 2317 3932 x.
2362 3895 2419 3932 α.

1095 3971 1128 4009 2
1179 3955 1265 4007 De
1297 3949 1508 4007 horum
1542 3952 1843 4010 hominum
1880 3954 2049 4012 obitu
2145 3951 2153 3958 ⁶
2215 3957 2251 4014 3
2296 3955 2391 4014 Ab
2454 3953 2693 4012 Herode
2754 3953 2833 4010 ad
2899 3971 3165 4028 graecam

1013 4051 1212 4090 rursus
1229 4031 1898 4103 lib.ll.13.Polione,seu
1918 4035 2055 4094 Pol-
2134 4036 2519 4114 eloquentiam
2552 4038 2847 4094 institutus
2896 4047 2980 4092 est
3014 4039 3166 4094 Mar-

1011 4112 1207 4184 lione,
1257 4115 1492 4191 quidem
1539 4137 1674 4176 usus
1726 4129 1811 4176 est
1852 4137 2053 4194 gram-
2136 4139 2264 4182 eus.
2298 4119 2551 4202 Capitol.
2572 4119 2678 4184 uit.
2712 4121 2789 4191 11,

1013 4199 1228 4257 matico
1247 4199 1428 4258 latino
1440 4203 1701 4271 Marcus,
1722 4212 1869 4260 teste
1880 4201 2058 4279 Capi·-
