3384 5134
1005 520 1557 576 ossummrcsn
2207 501 2360 596 343

216 615 293 672 do
314 656 331 670 .
366 615 485 674 Sed
518 616 663 674 haec
696 635 839 692 ego,
862 611 1085 694 inquit,
1108 613 1233 674 dixi
1257 625 1341 688 (a)
1368 637 1486 675 non
1522 630 1587 675 ut
1603 615 1778 676 buius
1811 617 2126 676 sententiae
2158 619 2345 698 legis-

209 737 322 794 que
350 715 569 772 fundus
598 710 1071 793 subscriptorque
1096 716 1291 774 fierem
1310 759 1329 785 ,
1373 717 1477 774 sed
1511 729 1574 774 ut
1616 737 1688 774 ne
1721 713 1984 774 Caesaris
2004 760 2032 787 ,⁴
2059 717 2173 774 uiri
2211 718 2348 776 doc·

210 822 253 882 ti
276 869 297 896 ,
317 822 651 902 opinionem
673 808 1181 906 ἆπαραμεῖθητον
1203 822 1576 884 destituet-em
1596 869 1611 882 .
1634 831 1784 886 Nam
1810 846 1938 886 cum
1957 831 2181 887 caelum
2204 845 2352 884 sem*

208 955 319 1013 per
332 917 549 1001 e‘veaecss'e
570 933 819 1007 dicatur,
840 957 999 998 mare
1033 952 1089 995 et
1122 953 1283 999 terr-a
1300 959 1414 998 non
1436 959 1679 1018 semper,
1702 953 1756 998 et
1767 943 1998 1018 puluis,
2019 955 2074 999 et
2099 941 2195 1014 (b)
2214 960 2352 1000 uen-

208 1047 305 1092 tus
332 1035 620 1109 etsumus
639 1051 751 1093 non
772 1055 1000 1112 semper
1022 1059 1035 1089 ε
1076 1055 1177 1092 cur
1208 1039 1477 1096 Inductus
1498 1081 1515 1106 ,
1538 1050 1591 1094 et
1611 1031 1996 1097 caerimonias
2007 1043 2091 1109 (c)
2103 1036 2352 1115 scripto·-

209 1153 301 1193 res
322 1147 547 1194 ueteres
564 1153 991 1212 nonnumquam
1010 1133 1290 1212 singulari
1310 1159 1550 1195 numero
1572 1134 1998 1215 appellauerint
2017 1137 2352 1217 (d)‘?fi·r·1'as,

209 1243 265 1288 et
296 1231 601 1291 meudina-5
619 1245 712 1301 ‚et
729 1235 979 1315 inferias
997 1275 1015 1302 ‚
1052 1245 1106 1290 et
1134 1237 1447 1312 exsequias
1478 1235 1832 1310 numquam?
1851 1238 1974 1293 Cur
2007 1239 2120 1294 mel
2155 1248 2212 1292 et
2249 1241 2348 1293 ιιι·-

205 1348 383 1398 num,
437 1340 608 1405 atque
628 1323 692 1386 id
709 1349 888 1405 genus
910 1343 1135 1396 cetera,
1174 1349 1479 1387 numerum
1515 1327 1914 1389 multitudinis
1951 1328 2216 1410 eapi'unt,
2253 1336 2348 1390 lac

208 1439 323 1478 non
360 1419 595 1500 capiat?
636 1419 891 1495 Quaeri,
936 1422 1208 1502 inquam,
1242 1421 1353 1482 ista
1390 1423 1579 1483 omnia
1616 1438 1673 1482 et
1709 1425 2134 1496 enucleari,·et
2177 1437 2345 1484 extu-

208 1515 271 1573 di
311 1523 395 1590 (e)
419 1518 492 1576 ab
524 1517 859 1578 bominibus
897 1520 1217 1598 negotiosis
1243 1521 1301 1578 in'
1336 1520 1573 1580 ciuitate
1607 1533 1724 1579 tam
1760 1534 2039 1600 occupata
2073 1541 2189 1580 non
2207 1543 2353 1601 que·-

207 1625 348 1673 unt.
372 1613 531 1688 Quin
562 1613 655 1672 his
688 1637 915 1693 quoque
936 1613 1099 1696 ipsis,
1124 1639 1268 1694 quae
1303 1616 1417 1674 iam
1446 1615 1586 1685 dixi,
1626 1616 1955 1675 demoratus
1975 1616 2068 1692 (f)
2091 1637 2195 1674 uos
2229 1631 2351 1674 esse

202 1707 412 1782 uideo,
466 1711 681 1784 alicui,
726 1712 977 1793 opinor,
1026 1715 1261 1792 negotio
1309 1713 1659 1773 destinatos.
1728 1717 1818 1772 lte
1853 1735 1994 1793 ergo
2039 1733 2231 1783 nunc,
2287 1725 2346 1769 et

201 1805 439 1885 quando
470 1809 621 1869 forte
659 1810 768 1869 erit
826 1813 1046 1881 otium,
1100 1810 1363 1888 quaerite
1414 1833 1483 1869 an
1528 1811 1923 1894 quadrigam,
1977 1825 2037 1870 et
2085 1813 2346 1872 harenas

204 1905 421 1966 dixerit
454 1928 485 1965 e
520 1909 756 1967 cohorte
800 1909 903 1966 illa
939 1911 1237 1968 dumtaxat
1282 1909 1610 1988 antiquiore
1648 1912 1741 1969 uel
1764 1925 2064 1969 oratorum
2103 1906 2356 1988 aliquis,

203 2004 297 2064 uel
330 2019 675 2084 poetarum,
724 2003 789 2065 id
842 2021 926 2066 est
948 2051 965 2078 ,
1019 2007 1330 2080 classicus,
1376 2007 1773 2085 adsiduusque
1809 2005 2020 2086 aliquis
2054 2007 2345 2086 scriptor,

203 2121 319 2161 non
351 2098 737 2180 proletarius.
792 2107 951 2163 Haec
990 2105 1228 2182 quidem
1263 2107 1483 2163 Fronto
1504 2103 1800 2182 requirere
1835 2123 1938 2160 nos
1973 2101 2135 2160 iussit
2171 2125 2351 2161 uoca-

202 2197 345 2259 bula
366 2223 382 2255 =
418 2219 537 2258 non
570 2221 637 2258 ea
672 2221 769 2272 re,
791 2202 1035 2281 opinor,
1059 2198 1216 2280 quod
1251 2203 1467 2281 scripta
1503 2224 1621 2260 esse
1656 2201 1716 2258 in
1749 2201 1927 2258 nullis
1967 2209 2058 2280 (g)
2081 2213 2348 2260 ueterum

199 2299 374 2360 libris
408 2296 796 2381 existimaret,
841 2300 947 2360 sed
984 2315 1045 2359 ut
1080 2299 1247 2360 nobis
1282 2301 1539 2359 studium
1582 2299 1890 2359 lectitandi
1943 2299 2006 2357 in
2054 2319 2343 2376 quaeren-

202 2400 295 2458 dis
344 2399 669 2460 rarioribus
712 2401 905 2461 uerbis
955 2415 1283 2461 exerceret.
1330 2403 1506 2474 Quod
1554 2422 1734 2459 unum
1781 2421 1921 2478 ergo
1973 2395 2336 2458 rarissimum

197 2494 547 2569 uidebatur,
604 2496 928 2558 inuenimus
971 2501 1325 2582 quadrigam
1374 2517 1615 2555 numero
1648 2483 1932 2576 singulari
1987 2497 2242 2571 dictam,
2278 2499 2343 2558 in

196 2591 355 2654 libro
388 2609 714 2656 saturarum
754 2601 846 2656 .Μ.
893 2597 1210 2669 Uarronis,
1258 2595 1355 2676 qui
1387 2595 1700 2676 inscriptus
1734 2609 1820 2655 est
1849 2597 2299 2661 Exdemecrieus
2320 2641 2337 2656 .

195 2703 467 2758 Harenas
497 2713 690 2761 autem
721 2695 1163 2772 πληθυντυιὸς
1200 2705 1383 2764 dictas
1448 2705 1671 2764 minore
1730 2705 1925 2764 studio
1969 2691 2296 2784 quaerimus
2316 2731 2333 2762 ε

194 2795 331 2874 quia
363 2810 599 2875 praeter
629 2805 715 2860 .C.
750 2803 1051 2860 Caesarem
1071 2846 1089 2873 ,
1125 2803 1284 2880 quod
1318 2803 1584 2880 equidem
1617 2802 2014 2875 meminerim,
2048 2823 2219 2862 nemo
2267 2799 2336 2860 id

199 2893 505 2955 doctorum
537 2896 835 2958 hominum
873 2899 1074 2958 dedit.
1552 2889 1562 2898 ¹

204 3091 413 3152 Uer-ba·
433 3108 673 3172 praeter
718 3109 997 3176 propter,
1056 3101 1121 3160 in
1174 3119 1287 3159 usa
1333 3099 1504 3177 uulgi
1546 3097 1794 3177 prodita
1812 3137 1832 3170 ,
1897 3101 2078 3158 etiam
2141 3099 2332 3158 Ennii

254 3195 504 3270 suis-se.

2453 3323 2583 3376 Gen.
2621 3340 2788 3375 xvmt

276 3333 611 3461 Mamur
660 3409 753 3450 me
804 3387 1095 3470 quondam
1146 3403 1205 3450 et
1238 3387 1534 3452 Celsinum
1568 3387 1858 3448 Iulianum
1901 3387 2206 3448 numidam
2257 3386 2341 3448 ad
2537 3410 2617 3449 xo.

189 3481 545 3544 Frontonem
577 3483 945 3557 Cornelium,
988 3481 1169 3565 pedes
1202 3499 1341 3546 tunc
1374 3481 1634 3564 grauiter
1660 3504 1935 3562 aegrum,
1985 3481 2074 3542 ire
2100 3495 2157 3541 et
2176 3483 2329 3542 uise-

188 3597 287 3636 re:
337 3593 510 3660 atque
543 3581 666 3654 ibi,
701 3583 799 3661 qui
837 3580 1152 3642 introducti
1186 3603 1418 3654 sumus,
1468 3581 1812 3639 offendimus
1848 3601 1979 3640 eum
2013 3581 2324 3648 cubantem

182 3677 245 3735 in
276 3679 587 3759 scinpodio
620 3681 932 3758 graeciensi
956 3725 975 3752 ,
1027 3681 1244 3740 circum
1277 3681 1535 3758 undique
1570 3677 1912 3738 sedentibus
1943 3677 2143 3738 multis
2177 3680 2328 3738 doc·-

186 3780 343 3836 trina
374 3792 474 3836 aut
509 3799 722 3855 genere
754 3793 853 3838 aut
902 3782 1136 3837 fortuna
1185 3777 1482 3838 nobilibus
1526 3779 1705 3838 uiris.
1759 3775 2140 3838 Adsistebant
2171 3777 2328 3837 fabri

187 3876 427 3935 aedium
478 3876 809 3952 complures
856 3876 1083 3935 balneis
1133 3875 1301 3936 nouis
1352 3872 1663 3936 moliendis
1706 3873 1960 3935 adhibiti
1981 3896 1998 3930 a
2051 3873 2331 3934 ostende·-

156 4021 177 4058 4
236 4091 275 4124 a
311 4076 460 4124 Dee-t
489 4074 543 4123 in
592 4071 705 4122 edd.
759 4072 875 4122 elixi
893 4107 909 4132 ,
946 4076 1084 4142 qnod
1128 4094 1157 4124 ι
1216 4073 1383 4125 codiee
1438 4074 1627 4143 egregie
1676 4068 1936 4140 suppletur
1955 4105 1972 4122 .
2056 4069 2089 4122 b
2123 4073 2270 4123 Deest
2299 4081 2352 4122 et

166 4143 221 4194 in
262 4145 375 4194 cod.
462 4158 492 4192 c
542 4144 660 4194 eod.
697 4144 989 4197 cerimonias
1026 4181 1039 4194 .
1108 4147 1145 4196 d
1182 4148 1304 4196 eod.
1353 4143 1754 4216 appellauerunt
1789 4175 1802 4192 .
1873 4161 1902 4192 e
1955 4142 2082 4194 Edd.
2135 4143 2350 4199 mua.

162 4209 211 4288 f
234 4215 363 4272 Edd-
408 4213 693 4268 demoratos
720 4251 733 4265 .
803 4233 844 4290 g
880 4216 1001 4267 Cod.
1039 4215 1190 4286 allisi
1231 4219 1461 4290 absorpta
1494 4215 1701 4269 fortasse
1739 4233 1778 4266 n
1811 4231 1844 4266 a
1877 4213 2201 4288 praecedente
2219 4249 2238 4267 ·
