3384 5134
1009 487 1182 558 5111·

1011 621 1360 716 petuum
1422 593 1534 684 de
1591 597 1991 688 universo·
2044 595 2484 684 hominum
2560 625 2855 717 genere
2902 597 3119 688 bene

1010 738 1390 834 merendi
1439 737 1847 825 ·studium
1878 775 1929 844 ‚⁴
1972 768 2222 824 nemo
2302 758 2422 824 est
2510 741 2659 856 qui
2707 743 3113 828 -oratione

1012 879 1453 994 complecti
1497 881 1762 994 possit
1790 943 1814 965 .
1875 877 2097 965 Hinc
2141 874 2341 963 Tibi
2380 877 2741 992 populos
2786 875 2897 961 ad
2929 907 3115 964 om·-

997 1046 1116 1108 ne
1160 1015 1659 1136 obsequium
1708 1047 1877 1102 non
1922 1040 2091 1102 tam
2115 1019 2527 1132 potentiae
2560 1039 2826 1106 metus
2854 1028 3116 1136 'quam

1003 1159 1454 1244 sanctitatis
1501 1157 1940 1242 admiratio
1974 1160 2462 1274 componit:
2506 1161 2701 1246 hinc
2755 1162 3115 1247 iustitiae

1005 1291 1316 1384 fiducia
1365 1328 1651 1416 regnas
1714 1319 1799 1384 et
1872 1319 2212 1385 tuorum
2304 1285 2715 1388 mentibus
2793 1299 3051 1387 fretus
3085 1332 3111 1385 ε

1007 1469 1514 1558 quamquam
1549 1419 1915 1561 denique
1949 1443 2070 1526 tui
2114 1445 2529 1528 veneratio
2578 1472 2773 1528 cum
2804 1443 3117 1527 summi

1005 1577 1175 1665 Dei
1235 1579 1634 1698 religione
1728 1582 2253 1699 coniungitur
2282 1641 2311 1686 ‚
2356 1609 2499 1666 eae
2576 1602 2851 1666 tamen
2915 1600 3112 1667 sunt

1007 1712 1608 1806 exantlatorum
1672 1721 2057 1808 laborum
2150 1721 2543 1807 utilitates
2576 1779 2603 1828 ,
2682 1742 2777 1806 ut
2840 1722 3113 1834 Roma

1005 1877 1148 1944 tua
1193 1859 1390 1946 felix
1453 1881 1535 1946 et
1577 1862 1992 1948 avitorum
2082 1889 2425 1973 compos
2482 1855 2903 1946 honorum
2978 1859 3113 1944 vix

1003 2025 1408 2118 umquam
1468 2031 1752 2116 parem
1796 1999 1990 2087 Tibi
2036 1995 2373 2119 glutiam
2429 2029 2585 2114 pro
2620 2000 2933 2086 meritis
2964 2027 3116 2081 re·-

1003 2135 1266 2228 latura
1315 2142 1416 2226 sit
1447 2201 1472 2224 .
1534 2137 1798 2247 Quod
1842 2160 2208 2254 superest
2237 2196 2264 2245 ,
2312 2159 2615 2224 tantam
2664 2137 2867 2225 Tibi
2910 2166 3120 2251 pre-

1003 2297 1346 2386 camur,
1411 2307 1544 2366 Pu:
1605 2307 2037 2368 PONTIFEX
2114 2307 2511 2388 nuxmss,
2606 2278 3123 2395 longaevita-

1005 2440 1174 2509 tem
1207 2481 1235 2527 ‚
1283 2443 1676 2538 quantam
1725 2445 2050 2512 nostrae
2113 2421 2477 2512 felicitati
2522 2443 2902 2540 optamus
2948 2415 3115 2502 ad·-

1008 2555 1208 2646 dere
1267 2561 1828 2678 prolixitatem
1864 2623 1891 2650 .
2966 2601 2975 2608 ·
3072 2582 3081 2588 ’
