3384 5134
1011 454 1211 567 '⁴6⁵4‘
1753 497 1860 546 Ao
1923 496 2038 545 ·Μ·
2097 494 2570 546 caenam:

1090 600 1337 692 potest
1382 644 1400 659 .
1444 587 2024 691 jAdpropinquat
2082 604 2114 639 ²
2162 590 2477 695 cognitio
2517 645 2540 685 ‚
2598 588 2674 661 iu
2713 613 2852 689 qua
2899 585 3240 661 homines

1093 734 1243 783 non
1280 707 1505 781 modo
1534 709 1934 782 orationem
1965 725 2165 782 tuam
2197 722 2212 755 ¹
2251 709 2548 806 benigne
2574 707 2930 803 audituri,
2969 706 3093 779 sed
3124 708 3242 779 in·-

1092 828 1579 929 dignationem
1618 826 1926 929 maligne
1979 830 2372 931 spectaturi
2411 828 2741 902 uidentur
2774 883 2795 902 .
2852 828 3098 928 Neque
3125 824 3242 899 ul-

1092 946 1252 1024 lum
1276 947 1487 1023 uideo
1511 950 1636 1051 qui
1676 962 1746 1023 te
1779 952 1856 1025 in
1891 951 2032 1031 hac
2067 977 2469 1031 remouere
2503 948 2760 1031 audeat
2784 942 2821 998 b
2851 984 2870 1023 z
2903 974 3076 1021 nam
3109 946 3238 1047 qui

1092 1070 1333 1145 minus
1355 1070 1577 1145 amici
1613 1062 1779 1146 suxit
1805 1072 2096 1182 ⁸malunt
2121 1086 2187 1144 te
2216 1072 2618 1172 inspectare
2657 1070 3130 1143 incostantius
3159 1096 3242 1141 a-

1092 1207 1373 1290 gentem
1401 1223 1423 1286 ς
1482 1193 1605 1293 qui
1646 1208 1886 1267 autem
1951 1194 2179 1292 magis
2239 1194 2459 1268 amici
2497 1205 2662 1265 sunt
2690 1247 2713 1286 ,
2767 1202 3099 1265 metuunt
3145 1213 3242 1259 ne

1084 1312 1494 1387 aduersario
1537 1326 1662 1386 tuo
1687 1312 2074 1387 amiciores
2093 1338 2244 1385 esse
2265 1311 2639 1415 uideantur
2668 1365 2691 1404 ‚
2731 1311 2792 1382 si
2819 1323 2886 1381 te
2911 1307 3002 1380 ab
3022 1329 3243 1380 accu-

1098 1433 1373 1506 satione
1408 1431 1560 1506 eius
1602 1434 1904 1534 propria
1939 1448 2060 1507 tua
2093 1447 2124 1481 ⁰
2151 1432 2518 1506 abducant
2554 1467 2572 1505 ε
2627 1448 2785 1509 tum
2841 1448 3082 1505 autem
3137 1428 3244 1505 si-

1099 1552 1300 1655 quod
1335 1552 1515 1626 tuin
1534 1578 1695 1625 eam
1726 1578 1874 1625 rem
1901 1552 2183 1626 dictum
2206 1550 2590 1649 elegantius
2637 1551 3024 1625 meditatus
3043 1572 3120 1620 es
3146 1537 3187 1594 d
3217 1600 3244 1641 ‚

1096 1700 1227 1775 per
1278 1671 1645 1747 silentium
1691 1674 2094 1748 dictionem
2135 1672 2403 1746 auferre
2466 1672 2599 1746 tibi
2652 1698 2800 1746 non
2841 1672 3243 1745 sustinent.

1096 1791 1306 1867 Adeo
1330 1794 1478 1866 siue
1505 1808 1581 1867 tu
1606 1820 1724 1867 me
1751 1796 2204 1868 temerarium
2253 1792 2748 1867 consultorem
2779 1848 2799 1887 ‚
2843 1790 2990 1863 siue
3013 1788 3246 1864 autla-

1098 1940 1261 1990 cem
1292 1917 1677 2021 puerulum
1715 1973 1738 2012 ,
1798 1918 1947 1992 siue
1993 1918 2403 1991 aduersario
2445 1930 2567 1990 tuo
2601 1912 3248 1987 beniuolentiorem

1098 2062 1247 2109 esse
1285 2038 1735 2112 existimabis
1783 2069 1804 2131 ς
1863 2064 2006 2137 non
2051 2052 2430 2138 propterea
2469 2092 2491 2132 ‚
2551 2034 2747 2136 quod
2792 2033 3057 2106 rectius
3091 2058 3248 2103 esse

1099 2153 1507 2230 arbitrabor
1536 2211 1559 2250 .,
1594 2154 1923 2256 pedetem
1929 2156 2121 2257 ptius
2147 2158 2277 2230 tibi
2305 2154 2679 2230 consulam
2705 2210 2721 2225 .
2768 2152 2906 2225 Sed
2933 2152 3104 2253 quid
3134 2153 3248 2225 di-

1100 2276 1176 2347 xi
1204 2276 1579 2350 consulam
1608 2270 1649 2351 ’.Ρ
1671 2276 1794 2376 qui
1818 2276 1893 2349 id
1917 2304 1957 2349 a
1983 2292 2049 2350 te
2073 2278 2370 2378 postulo
2400 2294 2470 2351 et
2493 2302 2924 2377 magnopere
2951 2272 3244 2375 postulo

1100 2412 1175 2469 et
1211 2424 1331 2470 me
1365 2453 1388 2492 ‚
1446 2399 1505 2471 si
1536 2399 1821 2497 inpetro
1853 2452 1876 2491 ,
1927 2398 2230 2497 obligari
2283 2398 2417 2472 tibi
2458 2380 2896 2502 repromitto
2927 2454 2942 2467 .
2965 2378 3084 2469 ‘Et
3121 2396 3244 2467 di-

1105 2526 1221 2591 ces
1272 2551 1293 2589 ε
1346 2516 1524 2617 quid
1578 2510 1619 2590 ’ἶ
1670 2517 1729 2590 si
1785 2514 2158 2590 lacessitus
2237 2518 2436 2592 fuero
2489 2574 2512 2614 ‚
2571 2546 2716 2592 non
2789 2544 2952 2591 eum
3024 2515 3248 2589 simili

1107 2635 1310 2710 dieto
1360 2636 1830 2712 remunerabo
1865 2631 1907 2712 ?
1959 2647 2059 2712 At
2093 2666 2182 2713 ex
2233 2666 2316 2715 eo
2361 2641 2492 2713 tibi
2549 2641 2900 2716 maiorem
2954 2638 3250 2711 laudem

1108 2753 1390 2853 quaeris
1436 2808 1457 2845 ,
1512 2756 1568 2829 si
1610 2782 1739 2829 nec
1799 2757 2174 2832 lacessitus
2222 2816 2244 2856 ‚
2301 2760 2690 2871 quicquam
2749 2757 3199 2858 responderis
3232 2812 3251 2827 .

1104 2876 1385 2953 Uerum
1412 2875 1471 2949 si
1494 2876 1703 2977 prior
1729 2876 2012 2969 fecerit,
2041 2880 2503 2981 respondenti
2533 2880 2666 2953 tihi
2692 2893 3087 2977 utcumque
3109 2902 3245 2977 po-

1106 2996 1274 3071 terit
1302 2996 1579 3095 ignosci
1616 3032 1635 3070 =
1688 3015 1772 3074 ut
1802 3017 2043 3077 autem
2087 3030 2235 3077 non
2260 3004 2656 3105 inciperet,
2697 2998 3062 3102 postulabi
3093 3010 3125 3045 θ
3153 2998 3250 3071 ab

1104 3144 1194 3193 eo
1212 3173 1236 3213 ‚
1254 3130 1328 3191 et
1352 3119 1777 3220 impetrasse
1799 3114 1960 3197 sme
1987 3123 2204 3197 credo
2226 3180 2245 3195 .
2275 3124 2688 3224 Utrumque
2715 3121 2900 3195 enim
2928 3132 3253 3193 uestrum

1112 3265 1251 3347 pro
1302 3241 1446 3315 s'uis
1472 3268 1829 3345 quemque
1863 3246 2138 3319 meritis
2181 3246 2401 3347 diligo
2435 3260 2468 3298 ²
2501 3282 2521 3319 ε
2562 3262 2633 3321 et
2657 3246 2811 3319 scio
2837 3240 3048 3327 illum
3080 3242 3252 3343 qui·-

1112 3360 1285 3433 'de'm
1334 3360 1409 3433 in
1450 3363 1566 3435 aui
1604 3364 1750 3437 mei
1777 3364 1889 3437 ·P·
1920 3358 2508 3441 Caluisii3dom0
2529 3366 2940 3457 eruditum.)
2973 3386 3088 3435 me
3129 3388 3256 3433 au-

1101 3550 1142 3583 a
1175 3533 1253 3582 Ita
1286 3548 1334 3582 ο.
1372 3552 1559 3598 ωας
1594 3552 1646 3589 at
1688 3552 1730 3586 1.
1767 3539 2119 3611 appropinquat
2149 3556 2168 3601 ς
2213 3556 2270 3596 ut
2305 3544 2355 3605 'gn
2394 3542 2501 3592 cod.
2545 3540 2607 3590 de
2649 3552 2760 3605 rep:
2785 3532 3024 3607 atpellat.
3099 3534 3130 3585 b
3171 3538 3251 3587 Ita

1106 3605 1333 3653 ocu-ibitur
1368 3620 1419 3654 α.
1460 3624 1609 3659 mann
1628 3626 1646 3669 3
1679 3622 1730 3659 at
1763 3624 1805 3659 1.
1831 3608 2084 3661 mulcant.
2155 3628 2184 3660 c
2221 3612 2294 3663 In
2318 3616 2428 3665 cod.
2496 3612 2534 3661 d
2567 3610 2688 3662 eod.
2711 3622 2756 3661 u
2777 3640 2791 3655 .
2861 3624 2890 3655 e
2927 3609 3004 3657 Ita
3031 3606 3252 3674 cod.p1·0

1097 3670 1384 3743 posudaau’.
1450 3670 1493 3747 f
1520 3680 1595 3729 Ita
1632 3678 1743 3729 eod.
1780 3682 1878 3741 im,
1913 3698 1964 3731 nt
2001 3684 2223 3749 nuperius
2261 3685 2348 3735 ἱη.

1196 3848 1219 3885 1
1268 3831 1355 3886 De
1386 3826 1497 3887 hae
1532 3832 1810 3892 aduersus
1855 3834 2142 3895 Herodem
2226 3836 2314 3894 sul
2349 3881 2366 3906 ‚
2403 3836 2689 3895 Domitiae
2737 3829 3023 3893 Caluillae
3057 3843 3256 3905 pater.

1106 3912 1370 3969 oratioue
1406 3912 1477 3969 cf.
1514 3934 1613 3992 pp.
1662 3920 1792 3976 166.
1847 3924 1976 3993 ¹94.
2229 3922 2483 4000 Capitol.
2507 3922 2564 3977 in
2587 3924 2781 3977 Marco
2805 3936 2930 3992 cap·
2966 3916 3012 3971 I·
3043 3916 3256 3975 Confer

1184 4014 1221 4053 a
1270 3998 1497 4067 Quanta
1532 4000 1812 4074 patientia
1847 4000 2140 4058 Herodem
2223 4004 2300 4063 de
2349 4008 2412 4064 P.
2471 4002 2726 4063 Caluisio
2776 3998 2952 4057 Tullo
2989 3995 3254 4071 lapidem

1104 4072 1307 4133 tulerit
1329 4080 1795 4149 Marcus,narrat
1821 4082 2142 4142 Philostra-
2223 4086 2381 4165 apud
2418 4086 2488 4143 cl.
2509 4084 2812 4143 Matinium
2849 4084 2921 4139 [τ.
2966 4078 3168 4136 Arual.
3193 4100 3252 4156 p.

1100 4166 1197 4216 tus
1218 4158 1278 4214 in
1298 4160 1545 4219 Herodis
1563 4164 1683 4221 uita
1708 4209 1720 4221 .
2238 4189 2348 4244 ¹29
2365 4212 2384 4239 ,
2412 4170 2486 4229 de
2509 4167 2767 4228 Domitio
2803 4162 2978 4226 Tullo
3003 4159 3257 4234 Plinium

1187 4242 1225 4303 3
1266 4242 1557 4309 Caluisius
1588 4247 1796 4307 Tullus
1829 4290 1848 4321 ,
1891 4249 1982 4309 b‘ls
2009 4270 2145 4309 con-
2229 4273 2320 4331 cp.
2361 4274 2502 4313 vm.
2535 4252 2621 4311 18.
