3384 5134
1003 476 1048 523 1.
1079 474 1105 525 ι
1137 476 1172 524 n
1199 478 1240 525 z
1272 475 1316 526 n
1387 471 1414 521 1
1852 550 1855 553 q
2142 444 2283 543 143

553 718 648 768 11.
697 714 1083 798 Ana-omno
1132 714 1474 767 Aucus-ro
1531 713 1822 765 raom-o
1848 744 1869 760 .

341 932 523 1006 Sem
561 932 736 1005 huie
763 988 784 1027 .‚
817 946 894 1006 et
912 946 998 1005 ut
1023 945 1102 1005 tu
1135 929 1466 1033 appellas
1493 986 1515 1027 ‚
1561 934 1913 1030 magistro,
1937 943 2064 1004 tuo
2099 928 2291 1005 hona

129 1054 320 1129 salus
363 1112 385 1145 ‚
439 1055 682 1129 bonus·
703 1080 930 1129 annus
985 1110 1007 1146 .,
1059 1053 1249 1127 bona
1308 1053 1594 1125 fortuna
1631 1068 1672 1147 ,’
1704 1079 1815 1125 res
1855 1038 2093 1143 omnis
2145 1052 2292 1126 bo·-

133 1202 221 1247 na
263 1189 298 1224 ⁸
338 1230 359 1247 .
416 1176 614 1265 Quae
665 1188 742 1249 tu
792 1173 1052 1247 scribis
1089 1228 1112 1261 ‚
1156 1199 1240 1245 ea
1288 1186 1359 1245 te
1417 1172 1597 1243 mihi
1650 1170 1859 1244 addis
1906 1162 1945 1220 b
1992 1170 2108 1243 die
2160 1170 2293 1243 tihi
2345 1262 2350 1267 ᾖ

136 1282 706 1369 sollemnissime
751 1293 972 1367 natali
1013 1320 1179 1368 meo
1217 1308 1596 1394 precatum
1637 1304 1669 1343 ⁰
1704 1348 1724 1364 .
1782 1292 2047 1391 Omnia
2106 1290 2296 1364 mihi

133 1416 272 1509 ista·
297 1418 380 1487 in
417 1430 488 1489 te
515 1430 782 1516 tuoque
820 1414 1038 1487 fratre
1071 1414 1209 1487 sita
1235 1428 1404 1486 sunt
1431 1469 1455 1508 .,
1495 1412 1859 1485 Antonine
1882 1436 2051 1485 meo
2084 1410 2296 1483 cordi

129 1534 552 1609 dulcissime
582 1570 602 1605 ε
639 1562 826 1637 quos
852 1558 984 1632 ego
1023 1549 1417 1637 postquam
1465 1533 1827 1633 enganni,
1866 1552 2129 1633 meque
2158 1556 2295 1605 uo·

131 1652 242 1727 bis
277 1654 638 1728 transdidi
679 1710 701 1751 2
761 1655 943 1727 nihil
969 1680 1318 1755 umquam
1356 1682 1529 1756 prae
1561 1654 1773 1727 uobis
1815 1651 2101 1728 dulcius
2152 1653 2293 1726 ha-

129 1772 255 1846 bui
280 1830 302 1868 .‚
341 1800 576 1873 neque
627 1772 890 1848 hahere
931 1800 1236 1875 possum
1271 1830 1294 1869 .‚
1345 1762 1636 1848 tametsi
1672 1771 1854 1863 alios
1896 1798 2125 1846 annos
2180 1789 2297 1847 to-

135 1892 363 1965 tidem
405 1892 497 1967 de
542 1896 820 1993 integro
855 1911 1206 1996 quantum
1238 1895 1390 1969 uixi
1413 1896 1660 1967 uiuam
1693 1952 1713 1967 .
1768 1896 1933 1975 Hoc
1958 1896 2177 1993 igitur
2202 1922 2295 1967 u-

131 2040 309 2089 num
359 2014 767 2088 coniunctis
831 2015 1170 2115 precibus
1221 2005 1260 2062 d
1311 2012 1403 2087 ab
1478 2014 1626 2089 deis
1689 2037 2071 2114 precemur
2107 2068 2131 2107 .,
2180 2016 2291 2089 uti

132 2160 262 2208 uos
284 2134 696 2209 incolumes
731 2148 806 2207 et
833 2132 1166 2209 florentes
1188 2147 1264 2207 et
1292 2134 1496 2234 reip.
1535 2130 1985 2232 familiaeque
2021 2146 2296 2208 uestrae
2350 2212 2359 2225 ,

131 2280 478 2355 prospere
501 2266 832 2359 potentes
855 2263 1166 2329 aetatem
1203 2252 1494 2367 longam
1534 2253 1805 2351 degatis
1834 2309 1852 2324 .
1878 2252 2035 2325 Nec
2070 2252 2287 2353 quic-

131 2394 354 2475 quam
398 2388 512 2446 est
540 2386 902 2472 praeterea
929 2372 1132 2472 quod
1159 2398 1292 2471 ego
1329 2384 1699 2472 tantopere
1722 2372 1841 2449 uel
1876 2372 1967 2445 ab
1998 2368 2153 2444 deis
2175 2370 2294 2444 uel

133 2519 174 2564 a
225 2494 422 2568 forte
445 2493 738 2568 fortuna
775 2494 892 2566 uel
929 2523 969 2568 a
1007 2493 1220 2570 uobis
1247 2493 1425 2594 ipsis
1449 2493 1923 2595 impetratum
1950 2492 2295 2592 cupiam,

133 2638 358 2713 quam
409 2629 494 2689 ut
533 2628 778 2689 uestro
818 2630 1221 2717 conspectu
1257 2629 1332 2688 et
1361 2613 1606 2691 adfatu
1643 2671 1667 2709 .,
1716 2613 2109 2715 uestrisque
2144 2626 2293 2690 tam

128 2731 466 2807 iucundis
499 2733 756 2808 litteris
795 2735 934 2807 fru'i
973 2758 1192 2835 quam
1230 2732 1413 2806 mihi
1451 2732 1853 2807 diutissime
1878 2733 2142 2807 liceat:
2183 2730 2294 2839 εἰῇ

129 2880 268 2955 que
317 2878 452 2951 ego
491 2856 646 2949 rei,
707 2855 809 2931 sei
847 2868 878 2903 θ
933 2855 1086 2929 fieri
1138 2856 1379 2956 possit
1416 2910 1440 2949 .,
1492 2879 1992 2955 repuerascere
2040 2864 2218 2954 opto
2275 2907 2298 2926 .

283 2975 484 3049 Nam
521 2975 724 3079 quod
747 2969 847 3049 ad
883 2990 1151 3055 ceteras
1175 3000 1281 3048 res
1319 2969 1588 3073 alioqui
1619 2972 1937 3063 adtinet,
1972 2986 2083 3045 sat
2105 2973 2297 3045 uitae

129 3112 282 3171 est.
340 3098 581 3172 Uideo
612 3114 676 3171 te
695 3154 730 3196 2
759 3098 1122 3171 Antonine
1149 3153 1171 3192 .,
1219 3094 1638 3197 Principem
1689 3109 1841 3167 tam
1882 3092 2239 3189 egregium
2266 3144 2295 3183 ‚

127 3240 357 3314 quam
401 3216 680 3317 speraui
721 3248 744 3310 ς
789 3232 938 3291 tam
973 3218 1244 3291 iustum
1285 3230 1436 3289 tam
1473 3215 1939 3287 innocentem
1978 3264 2003 3303 .,
2074 3234 2295 3307 quam

128 3334 506 3434 spopondi
541 3367 564 3431 ς
603 3351 756 3409 tam
789 3349 1074 3435 gratum
1113 3332 1395 3436 populo
1424 3358 1730 3407 romano
1756 3344 1828 3405 et
1861 3327 2247 3429 acceptum
2268 3378 2296 3420 ‚

128 3479 358 3553 quam
394 3458 645 3556 optaui
687 3488 708 3551 ς
754 3472 906 3532 tam
939 3454 1084 3528 mei
1123 3470 1490 3528 amantem
1523 3507 1547 3547 .,
1588 3477 1812 3553 quam
1848 3474 1980 3547 ego
2018 3444 2221 3521 uolui
2262 3474 2292 3539 .·,

131 3586 288 3647 tam
324 3574 702 3674 disertum,
733 3551 950 3679 quam
977 3578 1132 3680 ipse
1155 3564 1498 3651 uoluisti.
1532 3576 1725 3649 Nam
1747 3568 1790 3609 *
1818 3572 1944 3646 ubi
1966 3570 2295 3675 primum
2408 3570 2413 3577 ’

301 3805 338 3837 ’
383 3806 486 3871 Μ.
535 3803 932 3871 Adhortatio
969 3804 1052 3869 ad
1087 3800 1539 3892 eloquentiam
1569 3852 1586 3869 .

197 4052 237 4083 a
272 4034 334 4083 In
371 4033 484 4083 eod.
519 4036 680 4101 interp
688 4036 882 4103 ungitur
910 4028 1028 4083 anoe'
1057 4030 1188 4083 bom
1209 4067 1222 4079 .
1253 4030 1342 4079 Est
1379 4042 1544 4077 autem
1567 4028 1901 4094 interpunctio
1938 4022 2119 4075 codicis
2150 4042 2295 4093 saepe

51 4135 58 4144 ·
135 4122 412 4171 peruersa;
453 4122 754 4173 quamquam
793 4102 889 4152 hoc
925 4103 1034 4153 loco
1086 4100 1283 4151 defendi
1327 4114 1516 4167 potest.
1587 4099 1618 4149 b
1654 4098 1777 4149 Cod.
1836 4096 1982 4147 abdis
2018 4132 2033 4146 .
2104 4113 2131 4145 c
2170 4098 2292 4153 eod.

125 4188 428 4245 praerosam
448 4213 466 4230 .
535 4177 574 4226 d
609 4176 730 4227 God.
751 4174 1018 4244 praecibus
1038 4208 1053 4233 ,
1099 4188 1150 4228 et
1197 4190 1317 4223 mox
1344 4187 1600 4241 precemur
1619 4206 1634 4223 .
1703 4186 1730 4219 e
1765 4168 1962 4221 Deleta:
1996 4184 2024 4217 e
2078 4168 2295 4219 secunda

137 4265 298 4299 mnu
315 4282 332 4303 .
