3384 5134
993 485 1044 536 11
1069 489 1094 534 1
1131 489 1168 536 r
1192 493 1234 540 n
1265 493 1308 540 n
1397 493 1460 540 n
1703 512 1710 521 ·
2216 469 2321 564 53·-

143 577 430 659 brosa*
460 613 480 655 ε
519 583 768 659 omnia
818 583 912 657 ad
941 613 1156 661 usum
1181 587 1408 684 magis
1441 613 1659 688 quam
1689 579 2267 688 ad'uoluptatem
2287 645 2317 686 ‚

149 729 478 804 quaeque
520 705 756 802 magis
799 703 1090 778 laudare
1117 718 1488 805 oporteat,
1521 732 1761 779 amare
1791 733 1939 780 non
1988 707 2210 782 libeat
2242 719 2262 754 ¹
2290 765 2313 786 .
2406 705 2415 714 ’

145 824 340 896 Satis
376 849 468 895 ne
505 849 636 920 ego
672 822 932 896 audaci
983 823 1290 898 consilio
1332 839 1406 898 et
1437 825 1709 900 iudicio
1746 833 2120 904 temerario
2176 832 2299 904 ui-

139 943 326 1018 dear
355 999 380 1038 ‚
451 970 622 1020 cum
693 945 781 1018 de
843 928 1080 1021 tantae
1141 946 1404 1044 gloriae
1467 950 1630 1022 uiro
1688 950 2026 1025 existimo
2062 943 2105 1026 ?
2160 950 2301 1026 Sed

139 1092 382 1168 quom
415 1082 448 1118 ⁸
480 1095 602 1143 me
638 1069 988 1144 recordor
1019 1069 1154 1141 tibi
1184 1068 1536 1166 scrihere,
1569 1070 1807 1146 minus
1840 1096 1961 1144 me
1990 1070 2247 1146 audere
2270 1125 2303 1168 ,

141 1211 378 1284 quam
417 1198 490 1259 tu
524 1184 698 1259 uelis
733 1187 1084 1260 arbitror.

313 1305 470 1378 Nos
522 1305 686 1378 istic
741 1306 1201 1380 uehementer
1263 1321 1719 1382 aestuamus..

141 1425 396 1498 Habes
448 1439 522 1498 et
570 1423 1250 1525 hendecasyllabum
1308 1427 1690 1526 ingenuum
1729 1483 1748 1498 .
1814 1429 2043 1526 Igitur
2096 1429 2307 1530 prius

143 1572 372 1646 quam
409 1559 704 1645 poetare
765 1546 1040 1644 incipio
1069 1602 1092 1641 .,
1146 1574 1450 1647 pausam
1507 1563 1753 1623 tecum
1819 1549 2007 1624 facio
2038 1605 2059 1621 .
2116 1551 2307 1626 Uale

137 1664 806 1740 desiderantissime
835 1665 1066 1742 homo
1097 1722 1122 1761 .,
1161 1681 1236 1740 et
1268 1681 1394 1741 tuo
1433 1669 1628 1742 Uero
1659 1670 2064 1762 carissime,
2123 1694 2305 1742 con-

145 1783 264 1856 sul
306 1783 752 1883 amplissime
781 1839 806 1878 ‚
862 1786 1202 1884 magister
1247 1785 1666 1864 dulcissime
1698 1842 1717 1863 .
1754 1789 1939 1864 Uale
1974 1789 2081 1862 mi
2113 1815 2311 1866 sem-

145 1931 282 2006 per
316 1961 342 2001 ‚
395 1907 636 1982 anima
675 1904 1099 1986 dulcissima
1131 1961 1152 1984 .

639 2171 862 2224 vnn.
939 2177 1050 2226 0³1·
1113 2175 1478 2226 ,nummus
1535 2177 1813 2234 CAESAR

435 2415 742 2465 comum
801 2419 937 2465 SUO
991 2420 1086 2466 ET
1147 2416 1532 2466 MAcls'rno
1589 2415 1931 2464 SALUTEM
1976 2443 1999 2462 0

341 2627 764 2722 ‚Posmum
805 2625 898 2704 ad
941 2643 1006 2704 te
1039 2631 1378 2730 proxime
1435 2629 1697 2728 scripsi
1730 2683 1755 2722 ‚
1820 2639 2075 2728 postea
2113 2621 2299 2700 nihil

145 2773 414 2849 operae
471 2753 786 2852 pretium
821 2745 858 2802 b
888 2752 1087 2851 quod
1140 2751 1236 2826 ad
1269 2765 1336 2826 tc
1376 2752 1803 2826 scriberetur
1836 2807 1861 2842 .,
1940 2763 2063 2822 aut
2093 2749 2296 2848 quod

143 2869 518 2943 monitum
555 2869 651 2944 ad
681 2869 994 2970 aliquem
1057 2869 1364 2946 modum
1401 2873 1682 2944 iuuaret
1706 2925 1725 2940 .
1773 2870 1965 2943 Nam
1994 2866 2111 2939 δἠὲ
2155 2867 2291 2935 τὸν

144 2989 369 3058 ια’τὸν
395 2989 540 3064 fere
595 2989 746 3064 dies
795 2989 1241 3064 tramisimus
1278 3045 1296 3062 .
1356 2990 1562 3064 Idem
1601 2990 1957 3062 theat-rum
1983 3040 2006 3079 ,
2042 2984 2239 3060 idem
2261 2996 2296 3033 ⁰

145 3111 426 3204 otium,
451 3109 648 3184 idem
673 3111 1114 3199 desiderium
1147 3125 1352 3185 tuum
1379 3168 1398 3183 .
1433 3109 1628 3202 Quid
1655 3109 1825 3182 dico
1849 3107 2047 3179 idem
2081 3098 2124 3181 ?
2150 3107 2297 3183 im-

239 3347 274 3376 *
321 3348 423 3413 M
471 3351 669 3416 Ficus
701 3351 1088 3439 pompeiana
1116 3397 1136 3430 ‚
1187 3347 1332 3415 olus
1393 3349 1767 3426 aricinum,
1812 3365 1959 3416 rosa
2007 3338 2287 3408 tuenti-

139 3461 232 3501 na
258 3486 277 3518 ,
317 3438 513 3508 lucus
559 3444 796 3509 densus
821 3490 838 3524 ,
873 3439 1176 3532 platanus
1215 3439 1522 3508 umbrosa
1551 3489 1566 3506 .

251 3673 290 3706 a
323 3656 448 3708 Cod.
481 3671 665 3724 quam.
735 3655 764 3706 b
799 3653 1188 3724 Cod.praeta‘um
1212 3690 1226 3705 .
1297 3671 1328 3704 c
1361 3641 1484 3704 Ccd.
1509 3654 1627 3703 uem
1651 3685 1666 3703 0

238 3831 261 3866 ι
311 3813 529 3870 Contra
547 3809 706 3888 apud
741 3811 972 3888 Dionys.
997 3807 1172 3868 halic:
1259 3812 1651 3870 desideretur.
1689 3808 1907 3866 Eadem
1942 3803 2285 3864 similitudi-

145 3891 300 3950 deni
323 3893 616 3950 Demosth.
659 3914 784 3970 cap.
821 3915 998 3952 xxxu
1024 3915 1178 3950 com-0
1257 3916 1329 3953 ne
1349 3895 1529 3952 utitur
1552 3893 1939 3965 Quintilianus
1960 3893 2087 3947 inst.
2114 3891 2281 3947 Vlll.

139 3987 386 4055 paratur
470 3974 896 4033 demoslhenica
993 3977 1174 4034 dictio
1259 3980 1314 4037 3.
1337 3983 1526 4050 Quare
1543 3977 1679 4032 licet
1703 3971 1998 4054 suspicari,
2026 3975 2283 4030 Marcum

143 4079 288 4130 agro
320 4055 502 4114 fertili
532 4072 588 4114 et
623 4059 817 4128 uberi,
837 4058 896 4115 in
917 4079 1030 4135 quo
1049 4073 1174 4116 tum
1256 4082 1324 4118 ex
1348 4059 1440 4140 his
1482 4059 1644 4116 libris
1665 4059 1817 4121 hanc
1849 4055 2162 4136 imaginem
2191 4075 2286 4116 ar-

143 4139 296 4197 nihil
317 4140 392 4197 ad
411 4139 592 4196 uitam
615 4142 994 4198 necessarium
1015 4185 1031 4210 ,
1053 4153 1174 4198 tum
1260 4143 1552 4203 cessiuisse
1586 4184 1603 4199 .

147 4224 328 4288 etiam
374 4221 526 4284 nihil
591 4223 672 4282 ad
733 4223 1178 4290 delectationem
