3384 5134
994 488 1040 539 r.
1076 489 1101 537 1
1133 492 1167 539 n
1193 492 1236 541 z
1267 474 1314 541 n'
1394 491 1460 538 ιι
1501 504 1511 517 ·
1766 494 1769 499 ·
2140 472 2289 553 303

135 591 394 664 ct'usne
431 604 542 663 est
575 586 1016 662 Uolumnius
1071 586 1364 665 decreto
1421 584 1699 661 ordinis
1748 588 1977 663 scriba
2039 605 2112 664 et
2168 590 2297 667 de-

139 713 354 785 curio
394 706 438 786 ¹?
491 709 875 783 Pensiones
951 707 1296 809 plurimas
1363 706 1456 781 ad
1525 723 1853 807 quartam
1906 738 2129 812 usque
2192 715 2291 788 ob

131 832 696 905 decurionatum
746 826 1091 928 dependit
1127 838 1146 872 ¹
1187 818 1230 909 ζ)
1287 826 1568 905 Ususne
1621 841 1755 899 est.
1794 854 1951 926 per·
1976 832 2293 931 quinque

128 970 215 1027 et
254 952 720 1055 quadraginta
759 974 986 1023 annos
1025 947 1366 1021 omnibus
1397 947 1871 1024 decurionum
1908 951 2221 1048 praemis
2256 964 2291 999 ἃ

131 1072 700 1173 commodisque
727 1127 756 1165 7
810 1069 1002 1142 cenis
1041 1066 1356 1177 publicis
1387 1060 1430 1153 ’,Ρ
1482 1070 1568 1141 In
1603 1069 1795 1143 curia
1822 1124 1845 1163 .,
1900 1070 1977 1144 in
2008 1084 2291 1171 specta·-

133 1193 732 1266 culis·cenauitne
763 1246 790 1283 .‚
847 1186 1118 1269 seditne
1144 1245 1167 1282 ‚
1227 1202 1310 1261 ut
1370 1187 1666 1269 decurio
1716 1188 2081 1275 censuitne
2112 1182 2155 1264 ⁴?
2214 1190 2289 1263 Si

129 1338 288 1413 quo
339 1337 508 1383 usus
565 1306 1024 1419 fuit-publice
1078 1305 1380 1403 legando
1411 1362 1434 1400 .,
1485 1305 1849 1413 'legatusne
1912 1324 2019 1383 est
2051 1308 2287 1401 Uolu-

125 1434 380 1505 mnius
433 1446 944 1529 saepenumero
970 1440 1002 1486 2·
1033 1418 1076 1501 ⁴?
1121 1428 1255 1501 Est
1306 1455 1394 1499 ne
1433 1428 1841 1502 Uolumnio
1880 1426 2113 1525 legato
2153 1455 2283 1527 per

125 1553 489 1634 uiaticum
523 1544 560 1601 b
586 1549 880 1652 publice
901 1550 1276 1635 decretum
1301 1542 1336 1599 3
1354 1542 1394 1623 ’.Ρ
1418 1552 1605 1623 Item
1639 1548 2010 1647 legationis
2046 1550 2134 1623 de
2158 1578 2231 1625 re
2250 1564 2283 1601 ⁰

134 1652 606 1757 frumentaria
632 1666 674 1731 ‘³
708 1672 922 1771 gratis
962 1700 1028 1767 a,
1053 1670 1460 1745 Uolumnio
1504 1684 1877 1784 susceptae
1918 1668 1953 1729 4
1983 1687 2173 1747 estne
2208 1675 2283 1747 in

127 1791 681 1865 commentariis
727 1788 1068 1892 publicis:
1111 1792 1380 1889 scripta
1453 1791 2060 1873 commemoratio
2102 1784 2146 1863 ¹?
2204 1792 2281 1863 Si

127 1914 382 1985 omnia
425 1913 608 2005 ista,
665 1934 844 2009 quae
910 1936 1121 2011 supra
1181 1909 1378 2003 dixi,
1421 1910 1524 1983 ita
1595 1909 1881 1983 decreta
1910 1966 1934 2004 ‚
1996 1912 2093 1994 ita
2150 1908 2279 1984 de·-

120 2054 360 2137 pensa·
404 2087 428 2126 .,
483 2031 588 2103 ita
627 2042 818 2126 gesta
863 2044 1075 2123 sunt3
1134 2029 1312 2130 quid
1349 2040 1381 2077 θ
1413 2043 1523 2101 est
1569 2055 1702 2101 cur
1758 2028 2043 2104 dubites
2095 2044 2269 2131 post

121 2153 442 2252 quinque
482 2164 552 2224 et
603 2150 1070 2251 quadraginta
1107 2176 1330 2223 annos
1369 2149 1550 2231 sitne
1597 2150 1895 2233 decurio
1934 2151 2058 2251 qui
2100 2151 2279 2223 scri-

117 2274 218 2345 ba
279 2271 498 2355 fuerit
547 2326 571 2364 ‚
623 2256 1016 2381 pecuniam·
1098 2270 1198 2353 ob
1273 2271 1822 2355 decurionatum
1891 2268 2211 2354 intulerit
2246 2326 2271 2363 .,

120 2390 526 2475 commoda
548 2390 1052 2497 decurionatus
1076 2391 1532 2490 usurpauerit
1555 2444 1578 2481 ‚
1607 2390 1847 2463 munia
1886 2389 2168 2462 functus
2192 2380 2277 2462 s?

115 2514 225 2584 Et
265 2509 444 2611 quid
492 2524 646 2605 est,
703 2514 808 2597 mi
841 2511 944 2589 fili
971 2567 994 2605 ‚
1053 2494 1226 2612 q'uid
1268 2509 1602 2611 estquod
1635 2512 1773 2595 ista
1802 2508 2103 2609 probari
2137 2508 2273 2581 tibi

117 2618 404 2732 plenius
437 2626 686 2707 uelis?
739 2632 1108 2725 Quoniam
1147 2641 1387 2733 quaeg
1435 2615 1466 2702 .·
1526 2688 1544 2702 .
1601 2686 1620 2717 .,
1761 2700 1767 2705 ,
1815 2614 1864 2697 ’.

123 2788 145 2823 .·<
169 2802 194 2822 .
231 2750 358 2827 sed
403 2780 544 2853 pro
579 2810 600 2839 2
627 2810 648 2835 ,
673 2755 898 2827 istum
942 2810 960 2825 .
1001 2809 1020 2824 .
1043 2780 1218 2825 num
1249 2808 1266 2829 .,
1293 2808 1312 2823 .
1337 2751 1552 2824 debet
1585 2806 1606 2831 .,
1645 2808 1662 2835 .,
1695 2748 2092 2824 defenderit
2128 2741 2171 2799 ¹²
2203 2806 2222 2822 .
2250 2808 2269 2823 .

114 2897 260 2971 pro
291 2870 568 2947 honore
603 2874 772 2947 ratis
809 2898 958 2946 non
995 2872 1210 2946 uideo
1259 2872 1386 2972 qui
1418 2874 1653 2972 possit
1693 2866 2013 2971 asse[qui
2044 2866 2079 2973 ]
2124 2896 2275 2945 non

115 2990 382 3063 insitus
407 3045 428 3073 .,
462 2992 660 3091 Quid
689 2992 887 3095 quod
915 2992 1388 3091 imperatores
1414 2995 1644 3067 nostri
1668 2985 1702 3043 5
1730 2992 1805 3077 in
1833 2988 2097 3062 Isidori
2125 2991 2272 3087 Ly-

187 3182 224 3213 a
259 3164 337 3213 Ita
373 3164 481 3217 cod.
553 3164 582 3216 b
619 3166 682 3223 Η.
721 3165 917 3234 corrigit
941 3181 1136 3236 semper.
1163 3167 1406 3215 uiaticum
1426 3203 1440 3216 .
1511 3183 1540 3213 c
1575 3164 1698 3215 Cod.
1740 3178 1899 3213 cerem
1940 3178 2031 3225 pro
2076 3160 2139 3210 de
2180 3180 2233 3212 re
2253 3202 2267 3216 .

110 3235 151 3282 d
205 3234 330 3284 Cod.
379 3250 424 3286 ι.
461 3254 612 3299 mann
665 3230 1046 3301 frumentarium
1081 3274 1096 3296 ,
1152 3252 1198 3289 2.
1237 3231 1668 3307 frumentariam.
1738 3252 1767 3283 e
1802 3232 1923 3283 eod.
1960 3232 2017 3281 id
2046 3266 2060 3281 .
2118 3228 2170 3302 f
2188 3235 2268 3284 Ita

113 3305 231 3355 cod.
264 3306 364 3355 tine
384 3298 549 3375 fiaen'c
587 3308 661 3359 uel
698 3308 764 3360 sit.
787 3342 801 3354 .
870 3324 910 3375 g
943 3306 1288 3357 Desiderantur
1316 3308 1464 3357 huius
1501 3308 1705 3375 paginae
1748 3306 2054 3355 oblitteratae
2098 3322 2268 3356 uersu·

109 3390 334 3428 xxxvn.
359 3394 474 3425 cum
500 3378 704 3430 dimidio
721 3418 735 3431 .
779 3380 906 3431 Sunt
938 3390 1101 3428 nutem
1129 3378 1179 3426 iu
1217 3380 1310 3429 hac
1345 3376 1550 3445 epistula
1577 3378 1815 3428 maximae
1852 3375 2055 3423 lacunae
2074 3411 2088 3423 .
2108 3375 2269 3439 Quip-

109 3466 180 3514 pe
225 3466 254 3495 e
288 3462 372 3496 tex
407 3446 536 3499 folii·
568 3450 848 3519 ingentibus
903 3447 988 3497 hat
1033 3446 1260 3515 reliquias
1319 3453 1570 3507 eruin1u03
1627 3466 1676 3499 et
1720 3444 1808 3494 alin
1847 3460 2093 3511 praeterea
2147 3442 2266 3494 folin

108 3520 318 3568 forsit-n
351 3519 521 3570 amissa
555 3536 670 3571 tunt
689 3558 702 3573 .
771 3519 807 3566 h
839 3519 970 3569 Haec
1015 3533 1205 3569 tantum
1252 3522 1404 3570 uerba
1447 3516 1668 3587 legebam
1710 3520 1763 3567 in
1798 3516 2072 3566 oblitterata
2112 3517 2265 3586 pagi-

109 3608 180 3639 na
229 3602 459 3656 aequente
480 3624 494 3637 .
1653 3618 1660 3623 -

203 3764 225 3799 ι
273 3744 363 3799 'De
405 3746 778 3820 pensionibus
817 3768 927 3824 pro
959 3747 1150 3803 intro-
1229 3766 1330 3824 spe
1351 3750 1662 3821 legationis
1679 3754 1736 3800 et
1770 3748 1991 3801 uiatico
2019 3744 2264 3818 publico

105 3830 202 3885 itu
251 3825 314 3881 in
359 3827 574 3886 curiam
622 3827 882 3906 loquitur
929 3830 1149 3887 Plinius
1225 3835 1545 3909 prolectat.
1588 3828 1804 3887 Confer
1824 3826 1944 3900 dig.
1973 3830 2036 3883 L.
2067 3848 2117 3905 7.
2170 3848 2261 3884 ιο.

107 3931 205 3987 ep·
243 3910 315 3965 X·
361 3912 492 3969 1¹3.
1310 3918 1343 3979 4
1391 3916 1474 3969 De
1523 3910 1809 3988 legatione
1856 3908 2036 3985 gratis
2068 3928 2267 3965 susce-

191 4014 225 4051 α
277 3992 454 4047 Erant
487 3994 638 4051 enim
671 3994 988 4069 legationes
1011 4016 1146 4053 mu·-
1223 4008 1324 4074 pta
1360 3994 1480 4071 dig.
1519 3998 1585 4051 L.
1626 4016 1680 4072 7.·
1727 4016 1745 4050 ι
1769 4014 1814 4048 ι.

99 4078 203 4135 nia
243 4075 654 4135 decurionum.
708 4080 842 4157 Dig.
879 4084 944 4137 L.
984 4100 1036 4157 7.
1077 4085 1130 4147 4.
1287 4076 1337 4155 ,5
1383 4080 1534 4153 Ergo
1564 4076 1711 4133 haec
1758 4072 2003 4151 epistula
2039 4072 2263 4150 >scripta

97 4164 160 4220 ff.
200 4158 256 4216 5.
1224 4174 1308 4217 est
1356 4160 1462 4219 sub
1513 4159 1759 4239 imperio
1808 4157 2077 4217 diuorum
2108 4158 2155 4213 F
2160 4175 2269 4213 ras

188 4243 224 4303 3
270 4241 588 4311 SiuCicerp
610 4263 722 4320 pro
741 4244 954 4319 Flacco
990 4264 1133 4307 viu:
1225 4256 1416 4309 trum2
