3384 5134
825 472 938 519 ne
1025 418 1697 515 ona'rtouinus
2178 436 2335 540 ἧς)

163 531 516 639 -Tiberis
553 570 660 632 est
685 613 706 653 .‚
737 571 936 633 tusce
965 556 1246 631 Tiberis
1285 582 1501 657 quem
1530 556 1731 631 iubes
1772 556 1971 631 cludi
2004 569 2025 607 ¹
2062 616 2081 631 .
2120 561 2341 637 Tiher¹

169 683 413 758 amnis
441 694 515 753 et
549 677 892 752 dominus
945 693 1021 751 et
1069 676 1446 751 fluentium
1499 680 1690 751 circa
1751 694 2081 776 regnator
2112 680 2343 755 unda-

173 830 348 879 rum
375 814 408 851 ²
425 840 460 859 -
481 855 500 871 .
539 799 868 872 Ennius-
882 812 1272 899 postquam
1309 797 1608 873 consisti
1636 824 1711 871 se
1747 797 2007 875 fluuius
2028 800 2153 901 qui
2179 826 2345 875 om-

173 924 384 995 nium
411 920 776 1022 prin-cepa,
816 919 941 1018 qui
973 917 1106 991 sub
1136 914 1378 989 ciuilia
1401 915 1550 989 -ait
1589 972 1605 987 .
1633 916 1896 992 Peritia
1921 946 2105 1020 opus
2124 935 2235 995 est
2263 934 2343 995 ut

172 1053 458 1113 uestem
507 1033 944 1137 interpolem
977 1063 1018 1107 a
1059 1035 1338 1108 sincera
1379 1034 1743 1109 discernas
1780 1092 1797 1107 .
1830 1039 2083 1139 Itaque
2120 1042 2339 1115 tutis-

174 1157 452 1231 simum
509 1169 616 1227 est:
672 1152 1104 1226 lectionibus
1165 1153 1586 1229 huiusmodi
1633 1154 1987 1255 apstinere
2014 1212 2033 1228 .
2072 1156 2341 1246 Facilis

172 1276 272 1356 ad
336 1275 619 1351 lubrica
661 1269 908 1372 lapsus
960 1286 1068 1346 est
1107 1330 1122 1343 .
1177 1272 1429 1347 Unum
1499 1272 1823 1347 edictum
1904 1289 2113 1351 tunm
2174 1306 2337 1353 me-

172 1393 364 1467 mini
417 1420 536 1467 me
588 1390 1252 1485 animaduertisse
1308 1391 1512 1490 quod
1566 1448 1585 1463 .
1644 1450 1661 1463 .
1706 1395 2071 1471 scribseris
2110 1454 2129 1469 .
2170 1454 2189 1468 .
2230 1454 2251 1471 .
2300 1410 2337 1447 ²

167 1511 251 1585 lo
289 1512 530 1612 aliquo
569 1508 762 1583 libro
789 1539 811 1603 τ,
841 1508 1042 1582 cuius
1087 1508 1312 1583 edicti
1341 1509 1628 1583 initium
1661 1506 1694 1612 [
1718 1512 2013 1620 fuisset]
2056 1556 2095 1571 -
2122 1516 2341 1589 flore-

171 1660 254 1707 re
315 1630 696 1705 inlibatam
753 1629 1200 1705 iuuentutem
1227 1670 1265 1687 ·-
1295 1686 1314 1701 .
1370 1631 1567 1720 Quid
1624 1631 1769 1706 hoc
1806 1648 1914 1707 est
1943 1691 1965 1728 ,
2035 1628 2340 1711 Marce?

171 1752 345 1847 Hoc
394 1778 658 1853 nempe
717 1751 956 1824 dicere
1003 1752 1112 1824 uis
1141 1806 1164 1845 ‚
1213 1776 1478 1853 cupere
1517 1766 1584 1825 te
1623 1752 1869 1829 italica
1904 1756 2175 1857 oppida
2198 1757 2343 1833 fre-

169 1873 498 1972 quentari
519 1872 732 1973 copia
765 1871 1136 1946 iuniorum
1159 1929 1176 1943 .
1202 1872 1400 1955 Quid
1435 1872 1512 1945 in
1547 1874 1794 1973 primo
1825 1899 2037 1949 uersu
2070 1890 2143 1949 et
2174 1903 2339 1950 uer-

167 1991 276 2065 bo
302 1991 543 2091 primo
563 1992 782 2065 facit·
803 1986 1150 2067 florere-Y
1167 1994 1364 2085 Quid
1397 1994 2188 2093 significat-inlibatam
2222 1998 2335 2069 iu·-

169 2126 544 2189 uentutem
569 2154 606 2168 -
629 2106 670 2189 ’.Ρ
693 2114 884 2207 Quid
925 2116 1062 2189 sibi
1089 2116 1349 2190 uolunt
1380 2117 1698 2191 ambitus
1728 2118 1848 2191 isti
1902 2131 1973 2189 et
2006 2118 2333 2193 circum-

95 2266 109 2277 ·
167 2236 436 2309 itiones
459 2228 494 2286 5
527 2229 566 2310 ἶ)
597 2233 762 2309 Alia
801 2262 1090 2337 quoque
1121 2235 1382 2310 eodem
1419 2236 1662 2311 edicto
1716 2250 1882 2311 sunt
1916 2237 2270 2313 eiusmodi
2310 2296 2333 2313 .

165 2357 550 2430 Reuertere
593 2354 839 2456 potius
860 2354 970 2429 ‘ad
1005 2358 1220 2433 uerba
1261 2370 1430 2457 apta
1471 2372 1544 2431 et:
1588 2358 1895 2459 propria
1925 2372 1997 2431 et
2028 2388 2157 2435 suo
2202 2389 2333 2435 su-

173 2502 272 2549 co
341 2476 623 2551 imbuta
655 2534 671 2548 .
739 2477 1026 2553 Scabies
1069 2500 1090 2571 ‚·
1141 2478 1438 2577 porrigo
1499 2500 1588 2550 ex
1641 2477 2064 2553 huiusmodi
2123 2478 2335 2561 libris

175 2601 641 2700 concipitur:
677 2602 1041 2675 Monetam
1083 2600 1284 2675 illam
1317 2615 1633 2675 ueterem
1669 2615 1991 2676 sectator
2026 2659 2046 2674 .
2079 2603 2335 2679 Plum-

173 2720 294 2793 bei
346 2720 632 2794 nummi
665 2716 698 2781 4
731 2736 804 2798 et
841 2722 1340 2797 cuiuscemodi
1377 2722 1763 2798 adulterini
1804 2724 1882 2798 in
1911 2724 2065 2799 istis
2091 2750 2337 2801 recen-

199 2962 204 2965 .
288 2939 328 2972 a
369 2923 427 2973 In
463 2923 541 2975 hi·
587 2922 776 2975 laemi-
813 2922 988 2991 nnpple
1021 2940 1178 2991 panca
1221 2922 1372 2974 uerba
1394 2959 1412 2976 .

267 3130 286 3165 ι
338 3108 820 3171 Videnturuerba
843 3112 1018 3170 edicti
1053 3112 1210 3171 illius
1291 3112 1656 3189 phaleratam
1700 3112 2086 3175 elocutionem
2119 3158 2137 3185 ,
2183 3136 2331 3193 quae

171 3211 293 3267 quo
327 3195 420 3259 .Μ.
455 3194 726 3252 Aurelius
751 3196 1010 3253 Tiberim
1047 3197 1214 3253 inun-
1295 3195 1412 3254 iam
1461 3210 1582 3255 tum
1617 3197 1903 3273 incipiens
1944 3242 1961 3268 ,
2012 3220 2143 3259 mox
2186 3220 2331 3256 con-

173 3274 414 3333 dantem
437 3278 688 3334 coerceri
725 3279 985 3336 iusserit.
1032 3278 1203 3336 Illam
1285 3280 1648 3357 sequentium
1700 3280 2031 3357 principum
2082 3280 2273 3339 edicta
2304 3324 2329 3353 ,

173 3369 336 3415 certe
369 3358 646 3417 urbanam
682 3362 1064 3419 calamitatem
1099 3362 1204 3419 sub
1286 3362 1496 3433 leges,
1535 3376 1592 3420 et
1647 3362 1927 3439 epistulas
1971 3366 2325 3441 occupauit·

169 3440 356 3497 initiis
377 3439 618 3539 ‘imperii
644 3444 910 3501 diuorum
931 3448 1204 3501 Fratrum
1269 3446 1448 3503 cuius
1484 3447 1566 3503 rei
1601 3445 1776 3501 nimis
1798 3446 1979 3502 multa
1999 3446 2329 3505 testimonia

173 3522 484 3599 contigisse
548 3526 629 3581 ait
680 3526 933 3603 Capitol.
988 3526 1048 3582 in
1103 3529 1200 3582 ..Μ
1287 3542 1419 3584 sunt
1453 3525 1512 3582 in
1548 3526 1931 3586 theodosiano
1948 3528 2219 3598 ‘codice,
2266 3544 2328 3591 et

173 3624 300 3681 cap.
348 3626 506 3675 vnt,
551 3628 789 3685 eamque
823 3629 956 3667 cura
988 3607 1204 3687 princi-
1283 3610 1343 3666 in
1387 3610 1739 3669 cassiodorii
1777 3600 2068 3669 uariarum
2100 3612 2326 3674 libris.

55 3698 63 3705 ’
167 3708 312 3767 pum
345 3688 516 3746 fuisse
560 3702 935 3768 temperatam
974 3733 987 3746 .
1283 3692 1476 3751 Aliter
1495 3692 1719 3772 antiqui
1757 3694 2087 3771 principes.
2111 3698 2327 3752 Exem-

255 3791 290 3829 τι
335 3770 585 3829 Videtur
620 3776 846 3831 Marcus
879 3774 1072 3833 edicto
1092 3794 1196 3830 sno
1277 3774 1382 3852 plo
1401 3789 1531 3832 sunt
1552 3798 1699 3852 quae
1719 3775 1793 3833 de
1812 3777 2031 3835 Tiberii
2064 3778 2327 3853 diligen-

169 3852 488 3928 Virgilium
511 3855 768 3914 imitatus
789 3878 908 3913 aen.
935 3878 1076 3914 vm.
1101 3880 1198 3936 77.-
1281 3859 1363 3915 tia
1430 3872 1624 3915 narrat
1679 3847 1794 3916 1)ἰο
1844 3880 1995 3917 tvn-
2078 3860 2165 3919 15.
2231 3883 2323 3939 17.

165 3942 444 4007 corniger·
460 3942 836 4016 hesperidum
853 3942 1094 4017 flum'us
1113 3962 1204 3999 re-
1285 3946 1361 3999 Μ.
1400 3942 1636 3999 Antonii
1659 3942 1917 4001 edictum
1952 3944 2159 4019 putide
2177 3944 2331 4002 scri-

163 4032 390 4094 gnator·
423 4043 744 4099 aqum-tem.
1277 4037 1446 4101 ptum
1477 4026 1685 4082 irridet
1708 4027 1915 4084 Cicero
1938 4026 2086 4104 phil.
2128 4049 2225 4084 ιιι.
2263 4046 2329 4104 9.

255 4102 290 4160 3
337 4104 789 4179 Reprehendit
773 4126 830 4161 tn
870 4106 1047 4164 Marci
1068 4106 1200 4164 edi·
1367 4115 1400 4176 4
1447 4109 1757 4168 Plumbeos
1790 4130 2055 4168 nummos
2086 4110 2327 4169 uidetur

170 4195 268 4243 eto
311 4186 532 4246 Fronto
577 4200 894 4249 tumentem
939 4188 1104 4247 illam
1150 4201 1210 4250 et
1295 4188 1488 4252 dicere
1523 4191 1887 4253 adulterinos
1918 4196 2173 4257 Fronto.
2210 4196 2327 4255 Re-
