3384 5134
1103 444 1273 519 320·
1886 463 2469 517 rn1nc11>1A

1101 590 1353 664 gnarus
1391 620 1410 635 .
1467 621 1488 636 .
1545 622 1562 635 .
1597 578 1891 665 portare
1922 618 1941 635 .
2000 618 2021 632 .
2050 563 2347 660 longior
2380 586 2593 635 mora
2628 614 2647 631 .
2704 614 2725 630 .
2782 616 2803 632 .
2860 614 2883 631 .
2914 557 3131 659 impe
3178 616 3197 631 .
3234 553 3277 593 *

1110 742 1132 757 .
1190 743 1211 759 .
1270 742 1290 757 .
1339 686 1815 786 quamobrem
1860 742 1879 757 .
1936 738 1961 759 .
1994 688 2217 759 etiam
2284 700 2443 759 tum
2496 680 2799 757 iunioris
2852 680 3119 755 decem
3184 736 3207 752 .
3262 737 3283 753 .

1115 798 1581 909 [unominus
1606 808 1715 882 .ad
1756 788 2215 911 iniumphum
2241 801 2284 841 *
2322 862 2341 879 .
2402 862 2421 877 .
2478 862 2499 878 .
2554 862 2575 877 .
2621 803 2907 877 habitus
2936 856 2956 873 .
3008 802 3283 891 Quan-

1099 938 1263 999 tum
1311 952 1352 997 a
1395 926 1772 1029 stipendiis
1826 928 1973 1002 ocii
2036 926 2291 1005 datum
2318 980 2342 1022 ‚
2398 926 2471 999 in
2552 922 2883 997 uenando
2938 944 3281 1021 occupa·

1107 1056 1222 1117 tus
1259 1099 1280 1115 .
1337 1100 1358 1116 .
1423 1100 1442 1117 .

1104 1155 1147 1194 *
1166 1162 1494 1262 pauculis
1535 1162 1789 1239 diebus
1821 1164 1895 1237 in
1926 1164 2139 1239 fascis
2168 1179 2495 1237 tenentur
2516 1218 2539 1256 .‚
2569 1160 2785 1242 illijn
2806 1158 3062 1259 pannis
3098 1170 3275 1231 sunt

1103 1306 1396 1355 omnem
1434 1296 1759 1361 -aetatem
1790 1342 1809 1355 .
1868 1288 2121 1385 Itaque
2188 1284 2425 1359 bonus
2482 1280 2603 1357 ille
2644 1282 3047 1379 imperator
3084 1332 3105 1347 .
3162 1332 3183 1347 .
3252 1330 3271 1345 .

1101 1400 1344 1475 uenire
1376 1402 1707 1502 captiuos
1754 1402 2049 1483 iubebat
2086 1460 2105 1477 .
2164 1461 2183 1475 .
2242 1460 2259 1476 .
2298 1404 2441 1477 sint
2472 1400 2793 1499 ingratiis
2820 1394 3023 1499 quid
3072 1420 3211 1491 ego
3242 1448 3269 1487 ‚

1101 1520 1376 1622 quippe
1407 1525 1573 1597 cui.
1633 1580 1652 1597 .
1677 1526 1789 1599 sin
1830 1583 1848 1599 .
1910 1582 1927 1597 .
1989 1582 2007 1598 .
2067 1582 2087 1599 .
2126 1554 2301 1624 num
2324 1551 2441 1601 me
2468 1580 2487 1597 .
2542 1521 2875 1595 Piscibus
2904 1520 2981 1591 in
3008 1514 3267 1589 caudis

1103 1651 1256 1735 θεῖ’
1297 1644 1557 1721 auibus
1597 1646 1672 1721 in
1700 1648 1943 1747 pinnis
1971 1704 1995 1742 ‚
2050 1649 2397 1747 anguibus
2424 1643 2751 1747 serpendi
2776 1643 2850 1716 ui
2882 1696 2901 1713 .
2940 1694 2961 1711 .
3000 1694 3019 1709 .
3058 1634 3267 1738 quod

1107 1786 1270 1863 quis
1303 1815 1324 1835 .
1381 1820 1402 1837 .
1461 1822 1480 1837 .
1542 1821 1562 1838 .

1112 1935 1134 1955 .
1174 1936 1194 1953 .
1231 1938 1252 1955 .
1291 1900 1594 1987 spectes,
1639 1890 1907 1963 Lucius
1945 1889 2423 1964 consiliorum
2458 1886 2769 1962 sollertia
2808 1883 3018 1979 longe
3052 1935 3075 1950 .
3112 1934 3133 1949 .
3178 1934 3199 1948 .
3246 1932 3265 1949 .

1103 2000 1338 2077 Sciret
1391 2007 1823 2081 catafractos
1858 2022 1889 2057 ⁸
1932 2007 2203 2083 similes
2260 2036 2413 2081 esse
2466 2006 2693 2080 beluis
2724 2003 3091 2106 piscibuS‚
3142 2024 3266 2069 eas

1095 2116 1384 2195 eludere
1437 2122 1584 2201 alto
1622 2128 1808 2203 mari
1842 2131 2243 2203 cernuantis
2306 2184 2325 2201 .
2384 2186 2401 2201 .
2460 2184 2479 2199 .
2530 2118 2857 2227 magu[as
2910 2146 3261 2223 persona-

1101 2235 1233 2344 re]
1276 2298 1296 2315 .
1353 2300 1372 2315 .
1431 2300 1448 2317 .
1507 2242 1548 2281 *
1605 2302 1628 2321 .
1683 2302 1705 2319 .
1760 2305 1781 2321 .
1816 2252 2007 2351 Equi
2044 2251 2331 2325 lubrico
2372 2250 2780 2342 instabileS,
2834 2270 3099 2321 manus
3136 2242 3263 2315 rri-
3372 2226 3377 2335 J

1099 2389 1272 2461 gore
1292 2366 1544 2443 inritae
1567 2424 1592 2465 .,
1649 2397 1857 2446 arcus
1894 2372 2251 2447 imbribus
2301 2373 2597 2447 enerhes
2616 2422 2953 2443 ......
2978 2363 3255 2438 litteras

1098 2486 1291 2563 ultro
1323 2487 1663 2590 dederat,
1718 2492 1993 2569 bellurn
2019 2550 2041 2589 .‚
2099 2497 2159 2569 si
2210 2494 2474 2592 uellet,
2534 2487 3099 2567 condicionibus
3126 2510 3255 2585 po-

1097 2622 1298 2683 neret
1321 2642 1342 2681 2
1393 2612 1572 2687 dum
1615 2614 1937 2689 oblatam
1993 2644 2253 2718 pacem
2295 2619 2569 2719 spernit
2610 2614 2957 2690 barbarus
2982 2665 3007 2700 a
3068 2606 3253 2680 male

1099 2728 1462 2807 mulcatus
1497 2748 1652 2809 εει*
1681 2792 1703 2809 .
1756 2740 1863 2810 Ea
1914 2767 1986 2813 re
2042 2740 2361 2817 dilucide
2392 2754 2647 2845 patet,
2704 2747 2969 2837 quanta
3016 2726 3247 2801 Lucio

1289 2964 1323 2995 ⁴¹
1371 2965 1474 3035 M
1525 2967 1923 3036 Cuiusmodi
1960 2970 2088 3039 sint
2122 2966 2345 3033 hostes
2388 2964 2618 3031 Parthi
2645 3013 2664 3030 .

1285 3057 1318 3088 ⁴*
1363 3058 1468 3123 M.
1519 3060 1969 3151 Panegyricus
2008 3060 2277 3128 Traiani
2330 3056 2785 3151 imperatoris.

1285 3148 1317 3179 ⁴⁵
1365 3148 1467 3216 M.
1515 3152 1617 3217 De
1663 3151 2073 3217 Parthorum
2116 3149 2285 3217 belli
2320 3175 2501 3217 more
2527 3199 2544 3215 .

1286 3241 1321 3272 ⁴²
1367 3242 1470 3307 M.
1523 3242 1701 3307 Laus
1736 3245 2059 3309 Traiani.

1105 3482 1208 3514 ·.·a
1240 3464 1372 3514 oum
1403 3462 1532 3515 edidi
1569 3458 1877 3523 confractos
1914 3480 2098 3533 equom
2144 3464 2225 3514 ned
2258 3465 2389 3516 enim
2424 3482 2569 3532 equos
2610 3462 2746 3515 deest
2782 3464 2833 3513 in
2878 3460 3075 3513 schedis
3096 3500 3111 3525 ,
3156 3479 3243 3513 nec

1101 3548 1207 3587 non
1246 3532 1296 3585 in
1331 3550 1466 3587 textu
1507 3534 1733 3597 Nan-rii,
1774 3539 1865 3605 qui
1903 3538 2049 3589 edam
2084 3536 2257 3589 scribit
2280 3540 2357 3610 ph
2398 3554 2490 3606 pro
2514 3531 2593 3611 f.

1189 3669 1211 3707 ι
1262 3650 1540 3709 Notarius
1554 3673 1765 3729 paneg.
1778 3659 1977 3714 Const.
2002 3676 2128 3735 cap.
2212 3661 2637 3717 conciliatrices
2658 3658 2831 3731 paci-5
2864 3658 3103 3713 litteras
3134 3664 3251 3721 dn-

1099 3752 1322 3789 xxuuz
1369 3736 1706 3798 Antoninus
1738 3746 1764 3811 (
1801 3760 2009 3816 nempe
2043 3744 2131 3798 .L.
2213 3754 2332 3817 ναξ
2380 3762 2533 3821 qnas
2578 3762 2707 3799 cum
2756 3760 2865 3799 rex
2896 3744 3247 3801 immodicus

1097 3814 1290 3881 Verus
1328 3818 1700 3895 Antoninus)
1756 3829 2077 3901 imperator·
2105 3864 2125 3893 ‚
2206 3830 2387 3883 animi
2480 3832 2801 3903 respuisset
2838 3868 2857 3895 ,
2922 3830 3251 3888 insolentia

1095 3903 1164 3955 in
1205 3911 1344 3975 toga
1379 3914 1693 3975 praestans
1726 3918 1783 3965 et
1812 3928 1933 3965 non
1964 3913 2124 3965 iners
2206 3910 2448 3967 barbari
2498 3912 2793 3969 debellata
2844 3920 2935 3968 est
2966 3949 2981 3963 .
3042 3910 3249 3987 Neque

1095 3984 1422 4057 nec-sutilis
1436 3988 1587 4051 bello
1607 4036 1625 4063 ‚
1659 4014 1789 4052 cnm
1806 3996 2119 4054 adver-sum
2200 4015 2341 4053 sane
2406 3992 2614 4051 dubito
2678 3992 2819 4070 quin
2884 3996 3247 4053 Frontonem

1093 4070 1357 4133 Parthos
1389 4082 1571 4137 armis
1601 4086 2001 4157 experiretur,
2036 4086 2124 4137 m·-
2206 4078 2479 4137 Nazarius
2514 4077 2756 4153 legerit:
2796 4075 2879 4133 rei
2944 4088 3100 4135 certe
3138 4078 3251 4134 hu-

1095 4152 1184 4205 nis
1213 4157 1640 4233 cataphractiS,
1679 4163 1821 4221 adeo
1864 4176 2022 4229 totus
2056 4168 2123 4222 in
2202 4164 2295 4220 ius
2334 4154 2614 4238 nusqua'm
2661 4160 2801 4221 alibi
2846 4158 3067 4219 mentio
3124 4180 3247 4221 esse

1095 4244 1311 4295 Mum·
1323 4248 1516 4315 uenit,
1551 4256 1616 4303 nt
1651 4240 1916 4308 ultr-oud
1932 4265 2123 4327 regem
2206 4244 2477 4307 uidetur-
