3384 5134
783 483 878 534 An
956 485 1402 535 Awrommm
1463 487 1653 534 rum
2142 459 2295 559 259

139 598 306 657 ctus
335 592 654 653 mentem
691 576 1011 652 hominis
1047 579 1498 681 perturbauit
1523 631 1544 650 .
1583 635 1602 650 .
1629 578 2041 654 Uirtutibus
2091 596 2289 653 cete-

137 706 236 779 ris
265 698 636 775 iracundia
665 724 1014 772 uenenum
1037 724 1122 772 ac
1143 698 1488 799 pernicies
1517 699 1654 769 fuit
1681 712 1709 747 ²
1745 756 1763 770 .
1800 754 1817 769 .
1856 755 1875 770 .

139 822 305 898 Sed
351 847 562 897 nemo
600 846 838 893 meum
888 848 1056 919 erga
1102 821 1418 920 Mgrum
1465 846 1784 915 amorem
1830 824 2213 921 uituperet
2254 876 2281 915 .‚
2314 844 2328 853 ⁸

135 945 442 1046 quinon
495 957 700 1014 tuum
745 954 902 1012 ante
929 938 1499 1041 repraehenderit
1526 994 1544 1011 .
1602 940 1989 1013 Postremo
2050 968 2281 1041 neque

132 1088 270 1160 ego
307 1063 614 1159 Nigrum
645 1074 945 1159 propter
981 1074 1048 1133 te
1087 1085 1322 1132 amare
1371 1085 1753 1160 coeperam
1779 1116 1801 1153 .,
1856 1074 1939 1133 ut
1972 1076 2273 1161 propter

140 1198 210 1257 te
241 1181 548 1255 eundem
578 1204 816 1255 amare
851 1176 1244 1251 desinerem
1269 1212 1288 1247 ε
1317 1205 1542 1280 neque
1590 1196 1667 1253 tu
1694 1206 1813 1251 me
1834 1206 1872 1252 a
1901 1180 2121 1277 Nigro
2148 1180 2284 1253 tibi
2322 1222 2325 1227 ·

141 1304 495 1377 traditum
520 1327 758 1375 amare
784 1300 1093 1400 coepisti
1123 1356 1140 1369 .
1175 1302 1705 1395 Quamobrem,
1734 1316 1973 1375 tecum
1998 1294 2034 1351 ¹³
2058 1328 2282 1401 quae-

136 1449 228 1495 so
261 1478 286 1513 ,
341 1418 610 1520 nequid
643 1419 835 1492 obsit
854 1418 1175 1490 amicitia
1205 1418 1416 1491 nobis
1449 1475 1471 1513 .,
1531 1432 1763 1521 quae<²
1799 1419 1979 1493 nihil
2010 1420 2273 1520 profu-

139 1544 206 1617 it
229 1598 248 1613 .
305 1544 466 1615 Iam
491 1541 551 1612 si
578 1537 968 1611 dicendum
1001 1540 1094 1611 sit
1117 1593 1138 1633 .,
1197 1538 1371 1612 deos
1407 1553 1632 1614 testor
1667 1566 1785 1613 me
1814 1566 2021 1639 saepe
2054 1539 2283 1611 uidis-

141 1690 222 1735 se
261 1663 566 1759 Nigrum
625 1658 1050 1731 Censorium
1099 1656 1412 1731 ubertim
1465 1658 1757 1731 flentem
1794 1656 2143 1731 desiderio
2183 1656 2282 1729 tui

140 1798 358 1883 atque
387 1780 594 1852 huius
626 1777 915 1852 discidii
953 1775 1208 1851 dolore
1236 1794 1274 1848 .’
1310 1777 1446 1854 Sed
1487 1778 1636 1850 erit·
1665 1778 1961 1850 fortasse
2000 1790 2283 1873 tempus

145 1902 398 1995 aliud,
455 1891 818 2000 quodego
867 1898 1258 1971 memoriae
1307 1897 1454 1971 eius
1499 1898 1783 1999 placem
1818 1911 1885 1970 te
1936 1920 2022 1967 ac
2072 1893 2282 1967 miti-

149 2050 316 2123 gem
344 2078 362 2094 .
417 2020 716 2094 Interim
741 2017 1006 2118 nequid
1049 2016 1197 2091 loci
1223 2020 1546 2117 malignis
1581 2018 1997 2092 hominibus
2032 2014 2285 2089 aduer-

135 2172 274 2218 sus
312 2170 429 2215 me
460 2140 652 2242 apud
712 2166 916 2213 aures
955 2152 1114 2212 tuas
1145 2154 1384 2239 pateat
1408 2196 1431 2234 ,
1491 2198 1510 2212 .
1541 2197 1558 2211 .
1587 2196 1606 2210 .
1643 2151 1673 2186 e
1700 2163 2136 2243 perperam.
2164 2192 2181 2207 .
2218 2191 2236 2206 .
2262 2128 2291 2185 f

143 2264 416 2337 fidemz
468 2289 686 2363 quam
721 2286 948 2361 quom
1001 2264 1286 2334 firmam
1347 2277 1418 2333 et
1465 2262 1817 2334 sinceram
1873 2283 2047 2331 cum
2089 2258 2283 2330 Cen-

145 2386 342 2457 sorio
397 2384 829 2458 seruauerim
849 2437 871 2474 ,
929 2364 1163 2455 multo
1220 2382 1444 2477 magis
1470 2382 1805 2482 profecto
1859 2394 2101 2453 tecum
2124 2404 2289 2479 per-

151 2518 446 2607 petuam
478 2518 689 2604 atque
714 2504 1214 2603 incorruptam
1247 2504 1544 2576 retinere
1584 2504 1867 2576 conitar
1899 2510 1935 2566 g
1962 2555 1983 2571 .

397 2762 584 2813 vnl-
673 2766 1056 2817 ANTOMNO
1105 2766 1234 2814 1³10
1289 2764 1634 2816 AUGUSTO
1707 2766 1997 2817 FRONTO
2034 2798 2054 2817 ο

365 2976 648 3050 Omnem
704 3004 1000 3078 operam
1033 3004 1149 3051 me
1181 2975 1514 3073 dedisse,
1571 2978 2024 3053 sanctissime
2060 2981 2302 3081 impe-

151 3111 402 3193 rator,
458 3112 530 3184 et
569 3099 868 3201 inpenso
921 3099 1162 3173 studio
1211 3102 1495 3201 cupisse
1534 3100 1743 3198 fungi
1800 3102 2304 3200 proconsulari

229 3304 268 3335 a
303 3285 408 3334 Hae
445 3286 568 3335 duae
603 3300 793 3337 tantum
829 3288 1086 3339 sententiae
1127 3292 1176 3339 in
1226 3286 1502 3339 oblitterata
1540 3289 1715 3357 pagina
1770 3304 2059 3353 supersunt.
2134 3285 2163 3337 b
2200 3288 2310 3337 Ar·-
2380 3329 2387 3338 ‚

158 3357 408 3408 chaismns
456 3366 618 3405 tecum
675 3376 766 3425 pro
812 3372 864 3408 te
891 3396 904 3409 .
940 3359 1098 3410 Plaut.
1143 3358 1272 3409 Rud.
1308 3374 1393 3411 111.
1429 3375 1480 3423 4.
1533 3362 1596 3409 68
1622 3394 1634 3415 ‚
1663 3358 1787 3407 Gell.
1825 3374 1912 3407 xx.
1964 3372 2006 3407 1.
2053 3358 2113 3409 H.
2150 3359 2309 3410 Immo

158 3446 210 3479 et
242 3432 436 3478 Terent.
475 3428 654 3495 Hecyr.
673 3431 795 3480 1111.
827 3445 878 3493 4.
900 3431 996 3493 64,
1030 3432 1318 3479 obseruante
1355 3448 1440 3481 neu
1468 3432 1717 3481 Frontone
1750 3444 1835 3477 neu
1872 3429 2049 3477 Messio
2071 3429 2120 3478 in
2149 3448 2310 3481 exem-

155 3500 258 3567 plis
290 3498 469 3550 elocut.
509 3515 620 3547 noc.
685 3502 826 3550 omui
855 3534 868 3547 .
937 3518 968 3549 c
1001 3498 1218 3550 schedae
1271 3500 1358 3568 qui
1385 3539 1399 3551 .
1469 3500 1508 3549 d
1549 3498 1766 3553 Schedae
1820 3498 1951 3567 quod
1974 3538 1986 3549 .
2056 3515 2083 3547 e
2120 3502 2309 3569 Supple

160 3570 376 3621 uerbum
399 3606 416 3621 .
471 3561 720 3639 fSupple
765 3587 820 3622 ut
854 3588 1034 3638 cupra.
1105 3588 1142 3639 g
1181 3572 1258 3620 Ita
1301 3570 1412 3623 cod.

159 3733 424 3807 iectura]
438 3760 608 3814 quam
629 3760 694 3799 ex
723 3742 920 3799 indice
953 3741 1087 3801 libri
1111 3762 1198 3797 se-
1277 3740 1480 3799 eadem
1531 3742 1747 3801 codicis
1797 3741 2049 3819 pagina,
2104 3740 2165 3797 in
2200 3763 2314 3819 qua

164 3820 339 3877 cundi
379 3824 453 3879 ad
474 3822 686 3880 amicos
708 3868 722 3891 ,
743 3826 804 3881 in
830 3846 944 3901 quo
966 3826 1102 3881 satis
1120 3824 1203 3880 le·-
1283 3824 1490 3901 incipit
1515 3826 1761 3901 epistula
1784 3848 1926 3885 vm.
1966 3828 2121 3900 Ergo
2142 3846 2318 3882 occu,-

161 3903 328 3979 gitur
363 3904 474 3963 hoc
507 3926 746 3963 nomen.
774 3912 922 3967 Sane
941 3907 1056 3965 hoc
1087 3908 1206 3965 sra-
1284 3926 1426 3983 pare
1487 3910 1662 3967 debet
1712 3920 2019 3985 septimum
2072 3908 2263 3965 locum
2300 3933 2314 3965 z

160 3998 460 4061 gmentum
507 4010 642 4065 pars
677 4010 795 4046 esse
827 3992 1028 4064 nequit
1079 3990 1210 4066 epi-
1289 4010 1430 4066 ergo
1455 4005 1540 4047 est
1565 3991 1823 4049 clausula
1852 3989 2135 4067 epistulae
2168 3990 2325 4047 illius

161 4068 355 4126 stulae
392 4072 516 4138 1113
541 4092 603 4127 ea
641 4073 790 4129 enim
827 4072 1070 4147 epistula
1106 4094 1210 4134 oc·
1289 4094 1435 4147 quae
1470 4074 1529 4130 in
1567 4073 1761 4133 indice
1798 4073 2007 4159 incipit
2034 4094 2159 4135 cum
2178 4096 2329 4153 gra-

165 4164 344 4227 cupat
378 4151 440 4207 in
471 4153 664 4212 indice
697 4155 924 4211 leniam
969 4156 1201 4221 sedem3
1287 4162 1526 4217 uitatem
1547 4198 1560 4211 -

163 4234 558 4311 fragmentum
629 4252 848 4304 autem.
879 4238 1092 4299 desinit
1147 4239 1210 4297 in

1740 4334 1783 4378 ὑ
