3384 5134
1090 424 1191 527 54
1692 455 1808 505 ιι)
1887 456 2000 505 ηπ·
2085 452 2624 506 cAzsAnsm

1084 566 1213 626 'nio
1251 538 1331 623 id
1368 548 1668 623 cottidie
1719 564 2034 623 nouatur
2067 562 2140 623 et
2175 547 2410 646 gliscit
2435 602 2457 619 .
2497 550 2598 621 Et
2629 547 2832 650 quod
2857 547 2957 623 ait
2987 550 3233 625 Labe-

1012 724 1017 743 ,
1088 673 1235 746 rius
1274 658 1363 746 de
1400 697 1645 743 amore
1673 724 1693 757 a
1745 696 1876 744 suo
1912 656 2138 745 modo
2180 674 2288 740 καὶ
2327 674 2444 741 ἐπὶ
2486 674 2622 757 ἰδίᾳ
2663 673 2864 763 μοῦσῃ
2901 728 2923 768 ‚
2949 712 2987 729 -
3019 699 3234 747 amor

1092 793 1259 865 'tuus
1298 807 1443 865 tam
1468 780 1618 864 cito
1653 794 1913 866 crescit
1935 810 2151 894 quam
2175 804 2438 896 porrus
2471 851 2494 889 ‚
2533 808 2686 868 tam
2723 797 2928 867 firme
2952 809 2985 846 ὃ
3013 821 3232 894 quam

1090 912 1336 1013 palma
1366 954 1405 969 -
1439 944 1460 1007 3
1519 900 1659 987 hoc
1715 904 1930 1011 igitur
1989 942 2119 1014 ego
2153 916 2244 989 ad
2275 916 2702 989 desiderium
2737 927 2944 989 uerto
2974 970 2998 1011 ‚
3035 912 3236 1014 quod

1089 1030 1214 1143 ille
1250 1032 1341 1105 de
1374 1059 1629 1107 amore
1655 1033 1754 1106 'ait
1791 1078 1808 1103 ·.
1849 1022 2049 1109 Uolo
2087 1034 2176 1109 'ad
2213 1048 2282 1109 te
2314 1036 2524 1136 plura
2555 1036 2867 1111 scribere
2899 1090 2924 1129 ‚
2966 1034 3092 1108 sed
3119 1032 3236 1105 ni-

1094 1146 1200 1225 hil
1235 1154 1554 1253 suppetit
1590 1210 1609 1223 .
1678 1156 1876 1228 Ecce
1939 1154 2135 1257 quod
2189 1157 2263 1230 in
2317 1157 2642 1229 animum
2683 1155 2919 1229 uenit.
2985 1156 3238 1225 Enco-

1092 1270 1559 1372 miographos
1598 1273 1776 1346 istos
1815 1273 2147 1350 audimus
2183 1298 2534 1374 ‚graecos
2569 1272 2892 1369 scilicet,
2940 1270 3062 1347 sed
3094 1271 3239 1343 mi-

1090 1416 1219 1465 ros
1270 1390 1656 1465 mortalese
1694 1408 1780 1466 ut
1813 1420 1945 1493 ego
1992 1397 2118 1498 qui
2151 1424 2192 1472 a
2231 1422 2484 1496 graeca
2517 1396 2914 1469 litteratura
2953 1406 3238 1467 tantum

1092 1496 1351 1584 absum
1380 1513 1800 1614 ‚quantum
1825 1542 1866 1589 a
1901 1531 2082 1590 terra
2107 1520 2408 1592 Graecia
2429 1542 2641 1592 mons
2666 1514 2952 1590 Coelius
2983 1540 3187 1587 meus
3211 1525 3231 1559 ¹

1092 1630 1337 1727 abest,
1368 1644 1603 1706 tamen
1634 1656 1752 1709 me
1779 1655 2072 1737 sperem
2084 1633 2226 1710 illis
2253 1651 2728 1739 conparatum
2761 1634 2980 1707 etiam
2997 1632 3236 1707 Theo-

1092 1766 1458 1857 pompum
1524 1748 1977 1860 aequiperare
2029 1782 2282 1861 posse=
2319 1785 2489 1833 nam
2541 1757 2738 1845 huuc
2789 1756 3005 1829 audio
3056 1768 3239 1853 aput

1094 1876 1412 1950 Graecos
1469 1868 2032 1953 disertissimum
2063 1896 2316 1954 natum
2347 1906 2502 1954 esse
2534 1935 2553 1951 .
2593 1877 2821 1977 Igitur
2857 1902 3074 1978 paene
3111 1900 3234 1947 me

1098 1984 1397 2095 opicum
1450 1998 1888 2075 animantem
1947 2000 2036 2073 ad
2077 2025 2404 2099 graecam
2427 1994 2465 2053 b
2498 2001 2929 2100 scripturam
2954 2022 3233 2098 perpu-

1096 2106 1331 2192 lerunt
1350 2107 1681 2195 homines
1711 2176 1732 2214 .,
1789 2126 1871 2194 ut
1904 2113 2254 2197 Caecilius
2285 2122 2431 2218 ait,
2466 2162 2510 2179 -·
2540 2119 2897 2195 incolumi
2927 2118 3236 2191 inscien-

1097 2239 1193 2314 tia
1228 2283 1270 2298 -
1302 2296 1321 2313 .
1377 2237 1675 2316 Caelum
1707 2243 2247 2343 neapolitanum
2277 2241 2489 2346 plane
2533 2240 3012 2318 commodum
3043 2294 3068 2334 .,
3105 2236 3236 2311 sed

1094 2350 1555 2437 uehementer
1606 2366 1932 2437 uarium.
1993 2367 2080 2438 In
2137 2360 2428 2464 singulis
2489 2360 2822 2466 scripulis
2883 2362 3239 2434 horarum

1095 2476 1420 2579 frigidius
1458 2494 1582 2553 aut
1614 2476 1926 2583 tepidius
1965 2497 2088 2557 aut
2119 2478 2480 2559 horridius
2512 2489 2648 2560 fit.
2694 2487 2852 2559 Iam
2901 2480 3234 2585 primum

1096 2600 1329 2675 media
1390 2625 1538 2674 nox
1604 2593 1889 2702 tepida,
1948 2599 2399 2679 laurentina·
2456 2620 2613 2679 tum
2669 2618 2907 2679 autem
2945 2598 3228 2700 gallici-

1092 2718 1293 2791 nium
1320 2714 1782 2817 frigidulum‚
1815 2719 2230 2797 lanuinum·
2269 2725 2416 2800 iam
2455 2725 3232 2817 conticinnumcatque

1092 2840 1531 2912 matutinum
1586 2856 1800 2943 atque
1834 2838 2242 2921 diluculum
2291 2873 2514 2948 usque
2545 2844 2636 2918 ad
2689 2844 2862 2917 solis
2913 2854 3156 2915 ortum
3199 2895 3229 2933 .,

1090 2948 1403 3055 gelidum
1429 3014 1449 3051 ‚
1488 2958 1573 3031 ad
1604 2956 1943 3058 Algidum
1973 2966 2286 3039 maxime
2317 2957 2355 3014 d
2382 2996 2401 3035 ε
2431 2965 2626 3037 exim
2661 2978 2820 3037 ante
2849 2959 3230 3037 meridiem

1089 3080 1419 3179 ‘apricum
1449 3136 1472 3173 ‚
1510 3076 1964 3158 tusculanum
1992 3122 2012 3157 ε
2039 3095 2196 3160 tum
2237 3086 2570 3160 meridies
2604 3083 2873 3159 feruida
2894 3137 2916 3176 .,
2973 3093 3234 3180 puteo-

1089 3192 1246 3271 lana
1286 3255 1302 3271 .
1362 3201 1457 3275 At
1490 3203 1680 3274 enim
1717 3199 1839 3277 ubi
1877 3203 1984 3277 sol
2023 3206 2252 3279 latum
2283 3204 2378 3277 ad
2417 3230 2762 3279 oceanum
2794 3200 3162 3303 profectus
3197 3250 3225 3290 ‚

1090 3314 1169 3393 fit
1224 3320 1521 3394 demum
1584 3322 1860 3396 caelum
1923 3324 2362 3417 modestius,
2408 3325 2607 3427 quod
2661 3350 2874 3423 genus
2927 3320 3223 3395 tiburti-

1090 3462 1267 3513 num
1298 3496 1315 3510 .
1374 3440 1461 3513 Id
1498 3468 1794 3544 uespera
1826 3458 1898 3515 et
1935 3447 2284 3518 concubia
2319 3462 2534 3520 nocte
2557 3500 2610 3539 „
2647 3444 2823 3515 dum
2858 3468 2931 3515 se
2960 3442 3226 3513 intem-

1088 3574 1287 3658 pesta
1324 3586 1471 3634 nox
1495 3616 1516 3653 .‚
1574 3576 1653 3634 ut
1686 3563 1791 3647 ait
1835 3565 1955 3635 *Μ’
1999 3564 2304 3639 Porcius
2331 3620 2353 3659 .,
2409 3564 2838 3667 praecipitat
2871 3618 2926 3656 „
2961 3559 3224 3634 eodem

1085 3674 1317 3751 modo
1371 3696 1778 3780 perseuerat
1819 3738 1837 3754 .
1899 3683 2030 3756 Sed
2085 3686 2260 3784 quid
2313 3710 2442 3783 ego
2481 3740 2506 3778 .‚
2562 3685 2686 3786 qui
2715 3696 2882 3756 mee
2912 3681 3222 3785 paucula

1148 3900 1185 3934 a
1220 3884 1339 3934 “orl-
1377 3904 1422 3947 φ
1426 3882 1713 3970 oamfime.
1723 3882 1815 3937 'b
1855 3882 1974 3937 Cod.
2021 3904 2056 3938 α
2093 3904 2317 3957 gracum
2629 3908 2714 3957 neq
2747 3890 2849 3939 itur
2885 3904 2962 3939 scr
2937 3889 3218 3959 rt‘pmmm,

1078 3954 1211 4004 dice
1185 3974 1287 4004 eme
1262 3956 1497 4007 endareo
1468 3954 1708 4023 oi.portut
1779 3960 1917 4009 ealt
1957 3960 2063 4008 ο.οᾶ
2117 3885 2764 4013 ωηειτνιηῖζᾶῐονοὶ)
2755 3962 2996 4011 utut-L
3037 3964 3216 4012 Sten-

1074 4022 1499 4077 Bitconticuam.
1569 4030 2718 4102 diacodioeinnterpugiturantemoebne.
2787 4032 3215 4103 cecat-equi

1170 4230 1197 4269 ι
1244 4212 1397 4288 Quia
1422 4212 1645 4277 scilicet
1678 4179 1955 4278 Marciis
1938 4239 2000 4276 ιιι
2031 4217 2234 4279 Coelio
2275 4231 2444 4279 natus
2477 4232 2599 4280 est.
2647 4219 2900 4301 Capitol.
2942 4240 3068 4301 cap.
3107 4220 3156 4279 1.
