3384 5134
937 494 986 547 Α
1013 500 1070 545 1>
1143 497 1190 545 u
1219 500 1261 546 ιι
1289 502 1335 549 ιι
1364 500 1406 547 u
1435 498 1489 547 ιι
2140 462 2283 575 ’173

127 590 454 669 candum
481 590 578 665 sit
595 644 614 661 .
646 585 845 681 Quid
971 602 1004 639 ⁸
1031 588 1242 663 Haud
1263 580 1474 688 igitur
1487 589 1977 669 indicarentea
1995 586 2123 669 si*
2247 588 2287 645 Ι)

131 714 336 807 Quid
373 726 618 789 nostra
649 712 1006 785 memoria
1033 714 1438 813 Euphrates
1463 767 1486 803 ‚
1537 714 1677 787 Dio
1706 769 1731 809 ‚
1789 706 2236 791 Timocrates
2260 768 2282 804 ‚

129 834 639 915 Athenodotus
660 826 704 909 ἲ
725 832 901 939 quid
923 831 1192 911 horum
1223 835 1562 932 magister
1587 836 1961 909 Musonius
1988 847 2006 882 ¹
2034 828 2077 910 ’ἰ
2097 860 2283 909 non-

61 1030 69 1039 ,
125 984 215 1032 ne
253 981 547 1031 summa
580 953 918 1061 facundia
950 952 1260 1055 praediti
1294 1010 1318 1051 .,
1371 980 1596 1057 neque
1621 956 1863 1031 minus
1896 954 2283 1055 sapientiae

127 1105 356 1181 quam
380 1077 826 1179 eloquentiae
849 1076 1072 1175 gloria
1095 1075 1350 1149 incluti
1371 1071 1856 1151 exstiterunt*
1882 1070 1924 1154 ?
1946 1080 2063 1152 An
2078 1090 2156 1147 tu
2183 1082 2215 1123 c

129 1197 478 1275 consulto
513 1198 750 1273 uerbis
787 1224 997 1272 usum
1025 1190 1064 1247 ὖ
1091 1252 1113 1290 ·.
1145 1252 1162 1269 .
1193 1255 1212 1270 .
1249 1226 1334 1273 ne
1368 1197 1678 1305 pallium
1712 1197 2008 1303 quidem
2040 1197 2285 1273 sordi-

127 1320 266 1395 bus
309 1320 628 1396 obsitum
669 1318 983 1393 candido
1017 1333 1090 1393 et
1105 1317 1536 1419 purelauto
1572 1308 2091 1420 praetulisset?
2142 1317 2209 1390 N
2216 1316 2284 1390 i-

45 1450 52 1461 '
129 1442 188 1515 si
215 1440 410 1514 forte
441 1466 608 1517 eum
641 1456 718 1514 tu
741 1441 1086 1514 arbitrare
1113 1439 1456 1515 claudum
1491 1466 1781 1541 quoque
1806 1438 2153 1515 consulto
2180 1438 2285 1511 fa-

131 1578 340 1635 ctum
365 1616 388 1652 ,
440 1577 512 1636 et
539 1588 830 1635 seruum
859 1560 1192 1635 consulto
1218 1574 1472 1636 natum
1496 1555 1540 1595 *
1573 1616 1592 1633 .
1649 1560 1851 1655 Quid
1887 1560 2103 1660 igitur
2122 1574 2233 1641 est
2254 1552 2295 1637 ἲ

133 1697 292 1761 tam
325 1682 536 1759 facile
557 1682 678 1759 ille
705 1693 738 1733 0
775 1736 796 1759 .
833 1738 854 1754 .
891 1736 913 1755 .
1637 1730 1645 1739 -

237 1962 244 1969 .
319 1913 352 1943 “
375 1902 502 1979 'M.
549 1907 890 1995 Epictetus
951 1908 1328 1980 inem-iosus
1353 1964 1370 1980 .
1449 1908 1753 1981 Socrates
1778 1953 1801 1989 ‚
1864 1906 2290 1999 Xenophon,

135 2001 565 2077 Antisthenes
589 2045 608 2078 ‚
655 1998 1014 2072 Aeschines
1044 2045 1062 2079 ,
1111 1997 1304 2069 Plato
1343 2028 1376 2067 2
1421 2049 1436 2065 .

317 2096 353 2127 ⁴
399 2092 502 2161 Μ.
552 2090 962 2181 Euphrates,
993 2091 1123 2158 Dio
1145 2136 1164 2169 ‚
1203 2092 1654 2169 Timocrates,
1681 2089 2147 2159 Athenodotus
2172 2141 2193 2177 ‚
2229 2079 2296 2161 e't

133 2190 390 2256 horum
435 2208 540 2248 ma
588 2186 746 2249 ister
789 2184 1138 2249 Musonius
1166 2230 1185 2263 ‚
1222 2180 1597 2273 philosophi
1637 2182 2217 2271 eloquentissimi.'

261 2302 272 2311 ·
319 2280 351 2309 ⁴*
401 2278 501 2345 Μ.
609 2279 690 2342 isi
717 2273 1692 2363 forteEpictetum3arbit1-are
1742 2275 1942 2340 etiam
1974 2273 2295 2345 claudum

141 2368 454 2439 consulto
524 2366 776 2433 factum
814 2417 830 2434 .
909 2368 1296 2454 Numquam
1371 2364 1798 2433 uolumtarias
1856 2366 1887 2425 ί·
1932 2365 2298 2435 uerborum

141 2466 374 2531 sordes
421 2460 742 2527 induisset
771 2507 786 2523 .
835 2460 1037 2526 Forte
1077 2474 1142 2523 et
1179 2483 1410 2527 seruus
1435 2486 1472 2541 g
1500 2456 1805 2525 consulto
1830 2474 2023 2524 natus
2056 2476 2155 2526 est
2188 2485 2296 2527 sa-

23 2550 34 2561 ’
138 2558 330 2651 piens
353 2564 388 2619 ’ἒ
435 2553 548 2619 sed
584 2552 670 2617 ita
709 2548 1084 2640 eloquentia
1105 2551 1323 2616 caruit
1352 2548 1600 2641 pedum
1634 2550 2089 2619 incolumitate
2115 2601 2135 2617 .
2228 2578 2235 2585 ·

199 2800 238 2831 a
273 2778 392 2849 Legi
431 2786 686 2845 nequeunt
727 2790 898 2825 uenus
952 2770 1183 2823 undecim
1212 2769 1362 2823 huius
1413 2769 1636 2823 tamnu
1663 2807 1678 2822 .
1746 2769 1779 2821 b
1811 2772 2001 2824 nur-a·
2060 2772 2155 2847 legi
2190 2796 2293 2829 ne·-

129 2866 330 2921 queunt
370 2867 536 2899 uersus
571 2864 752 2899 nouem
772 2884 786 2899 .
851 2862 882 2895 c
915 2844 1106 2911 supple
1153 2842 1256 2891 duo
1316 2843 1466 2893 uerba
1493 2880 1510 2897 .
1576 2840 1615 2891 d
1650 2844 1781 2899 Exin
1838 2846 2061 2913 quinque
2126 2866 2299 2903 uena.

133 2928 228 2993 logi
265 2936 520 2991 nequeam
537 2958 552 2973 .
621 2936 648 2969 e
687 2922 728 2969 Ε
771 2916 999 2987 margini·
1035 2914 1260 2966 lemmate
1289 2914 1403 2964 licet
1445 2914 1744 2981 particulam
1773 2916 2003 2981 supplere
2034 2916 2186 2969 huin.
2220 2919 2299 2971 Ι...

133 3012 298 3047 cuuae
333 3026 351 3048 0
428 2988 574 3063 f1⁸⁸
607 2986 958 3045 uuaninoed.
999 2986 1186 3041 Cicada
1237 3000 1342 3053 rep.
1409 3000 1450 3054 g
1503 2984 1807 3038 Audendum
1841 2987 2294 3049 estnec-hida...

223 3200 246 3237 x
303 3174 658 3253 Euphratem
691 3166 1018 3231 luculenter
1045 3164 1182 3225 lau-
1263 3164 1384 3227 reb.
1423 3166 1467 3225 1.
1508 3166 1597 3225 13.
1635 3140 1928 3227 fflusonius
1962 3165 2213 3243 denique
2246 3164 2297 3229 is

131 3261 238 3319 dot
277 3258 498 3319 Plinius
540 3280 634 3337 ep.
680 3257 732 3314 1.
773 3276 862 3323 1⁰3
897 3262 1178 3309 memorat
1261 3263 1348 3307 est
1381 3248 1483 3327 qui
1524 3245 1899 3327 philosophia
1928 3269 1998 3307 ac
2026 3248 2299 3309 libertate
2352 3289 2359 3297 .

131 3350 370 3402 Marcus
404 3344 480 3401 de
509 3344 630 3402 reb.
655 3337 772 3397 suis
813 3359 868 3395 x.
907 3336 976 3395 31
987 3376 1006 3404 ‚
1039 3332 1177 3390 alii-
1261 3332 1498 3391 dicendi
1519 3344 1576 3415 et
1602 3330 1775 3391 exilio
1810 3330 2021 3391 claruit
2038 3332 2149 3391 suh
2182 3335 2295 3393 No-

129 3448 247 3501 que
299 3440 560 3487 auctores
587 3468 600 3481 .
663 3420 906 3478 Dionem
953 3416 1180 3474 intelli-
1261 3436 1404 3475 rone
1436 3454 1451 3472 .

129 3529 208 3587 ge
227 3508 548 3586 sophistam
579 3508 1031 3581 chrysostomum
1049 3542 1063 3556 .
1089 3504 1174 3559 De
1339 3520 1372 3558 a
1418 3502 1508 3556 De
1537 3496 1631 3556 his
1661 3496 1927 3555 omnibus
1958 3517 2147 3559 sermo
2176 3514 2302 3557 nou

128 3594 464 3655 Timocrate
479 3587 871 3673 quaerendum
889 3629 907 3656 ,
929 3583 1040 3641 nisi
1062 3582 1180 3639 for.
1257 3580 1469 3658 longus
1501 3579 1611 3638 suit
1645 3580 1707 3639 in
1748 3580 1970 3639 lacunis
1994 3624 2008 3639 .

129 3688 192 3733 te
245 3678 300 3735 is
339 3692 426 3735 est
459 3698 630 3755 quem
680 3670 844 3729 haud
881 3666 1058 3727 semel
1093 3666 1184 3723 ci·
1347 3666 1382 3725 3
1427 3663 1725 3742 Epictetus
1744 3684 1923 3741 usque
1943 3664 2019 3723 ad
2049 3666 2146 3723 M.
2168 3666 2301 3733 An,-

131 3776 223 3823 tat
243 3762 508 3823 Galenus
527 3801 541 3817 .
567 3765 652 3821 De
669 3756 1042 3815 Athenodoto
1065 3769 1186 3807 ma-
1263 3747 1444 3807 toniui
1479 3761 1749 3825 tempoia
1788 3746 1967 3811 vitem
1997 3748 2300 3835 produxit,

131 3850 330 3923 ‘istro
362 3867 464 3904 suo
499 3848 716 3902 fronto
757 3841 835 3897 ad
869 3842 965 3897 .Μ.
1011 3836 1176 3893 Caes.
1261 3844 1407 3893 teste
1458 3832 1677 3895 suida.

131 3926 190 3997 L‘
233 3950 326 3990 12.
371 3930 508 3993 1111.
553 3948 618 3995 ια
655 3966 676 3997 ,
723 3937 779 3986 et
829 3925 1058 3985 Marcus
1103 3917 1180 3981 do
