3384 5134
1111 398 1158 446 ι.
1189 400 1214 446 ι
1247 401 1282 446 3
1311 402 1353 449 1:
1383 400 1426 447 n
1509 402 1537 449 1
2252 400 2409 476 279

245 489 751 570 contubernali
805 486 1544 599 consiliari[oque]..
1581 508 1613 544 ⁸
1650 508 1780 569 tuo
1818 491 2338 595 postulares...

241 616 624 689 Bonamm
673 614 940 687 artium
993 628 1314 689 sectator
1368 631 1475 691 est
1510 642 1719 689 meus
1756 617 2188 711 Montanus,
2250 632 2413 691 tum

240 734 587 809 doctrina
616 748 690 808 et
721 734 1057 809 facundia
1090 750 1202 809 est
1227 734 1532 835 eleganti
1561 791 1580 805 .
1621 736 1781 808 Etsi
1822 737 2049 809 sentio
2090 761 2209 809 me
2246 760 2417 809 meo

241 859 559 933 artificio
609 856 922 951 nimium
970 857 1204 932 fauere
1246 913 1269 954 ‚
1322 856 1526 958 quod
1556 857 1711 957 ipse
1740 854 1921 929 nihil
1960 856 2407 957 eloquentiae

237 978 652 1054 antetulerit
674 991 706 1029 ⁰
740 1034 760 1051 .
815 1033 836 1051 .
893 1034 914 1049 .
953 981 1160 1081 Aput
1187 1004 1308 1053 me
1336 977 1923 1079 antiquissimum
1953 976 2209 1053 locum
2249 976 2408 1050 lau-

238 1099 361 1175 dis
381 1098 792 1200 eloquentia
837 1099 1168 1200 possidet
1203 1092 1248 1133 *
1291 1154 1310 1171 .
1367 1154 1390 1172 .
1447 1154 1466 1170 .
1516 1102 1634 1173 Ex
1675 1099 1983 1173 summis
2017 1098 2413 1197 benignita-

225 1222 338 1319 ⁶tis
377 1220 639 1322 opibus
686 1218 966 1293 tribuas
997 1277 1016 1292 .
1063 1217 1264 1293 Nihil
1311 1217 1718 1321 postulauit
1754 1210 1793 1266 ἆ
1824 1246 1961 1319 pro
2026 1246 2153 1293 sua
2213 1244 2412 1293 uere-

241 1340 513 1415 cundia
543 1394 568 1431 ,
617 1339 760 1414 nisi
819 1338 1020 1442 quod
1077 1340 1402 1441 probum
1449 1340 1985 1439 honestumque
2046 1342 2139 1415 sit
2197 1354 2269 1414 et
2309 1341 2409 1413 ti-

237 1458 322 1533 hi
354 1458 532 1534 datu
561 1474 636 1535 et
673 1459 814 1535 sibi
871 1461 1245 1563 postulatu
1281 1517 1300 1532 .
1340 1515 1359 1532 .
1389 1516 1412 1534 .
1467 1462 1791 1535 Uenetus
1827 1473 1857 1509 θ
1898 1458 2167 1535 uenalis
2211 1473 2317 1535 est
2343 1474 2361 1509 ¹
2390 1516 2413 1535 .

235 1580 400 1654 Scis
431 1580 578 1654 hoe
610 1594 1044 1681 perpetuum
1087 1580 1382 1655 Uenetis
1417 1579 1650 1657 fatum
1673 1603 1828 1653 esse
1855 1634 1878 1673 ‚
1898 1592 1981 1653 ut
2007 1606 2411 1681 numquam

241 1700 596 1796 uenierit‚
652 1701 892 1776 ueniat
962 1726 1249 1803 semper
1281 1692 1310 1751 f
1361 1755 1384 1773 .
1443 1757 1462 1773 .
1517 1700 1648 1775 das
1700 1725 1952 1774 curare
1980 1755 1997 1773 .
2050 1698 2413 1773 Rescribit

181 1814 198 1834 '
235 1820 426 1895 mihi
481 1820 758 1897 litteras
797 1850 874 1899 se
941 1821 1175 1899 nullas
1229 1823 1594 1925 accepisse
1621 1877 1642 1895 .
1695 1824 1809 1897 Tu
1850 1836 2135 1896 certum
2165 1876 2182 1894 .
2240 1868 2260 1895 .
2292 1818 2407 1897 lo-

245 1965 428 2039 quar
454 1949 492 2007 8
522 1995 545 2013 .
602 1996 624 2013 .
681 1996 703 2013 .
1522 1976 1552 2004 e

439 2204 558 2253 vl.
627 2180 920 2255 raon-ro
988 2204 1405 2257 uxo-ronmo
1478 2204 1772 2257 canuno
1826 2202 2171 2253 suu-rma
2212 2228 2236 2249 .

450 2412 608 2490 His
662 2414 919 2491 saltem
951 2406 994 2465 ¹²
1029 2472 1052 2489 .
1073 2473 1092 2489 .
1114 2470 1135 2491 .
1159 2421 1272 2493 Ita
1328 2416 1773 2491 instituimus
1828 2413 2233 2489 amicitiam
2266 2466 2289 2507 ‚
2324 2424 2409 2485 ut

231 2530 418 2608 haee
457 2536 744 2635 uulgata
789 2540 1030 2615 officia
1057 2540 1580 2641 negleget-emus
1605 2566 1781 2615 uero
1808 2564 2059 2613 amore
2107 2548 2407 2611 conten-

203 2656 295 2755 ‘ti
332 2712 350 2727 .
411 2712 431 2728 .
490 2713 510 2729 .
551 2660 742 2734 Cum
767 2663 1012 2737 amico
1039 2664 1286 2737 omnia
1309 2684 1553 2737 amara
1583 2676 1658 2735 et
1698 2659 1955 2736 dulcia
1986 2654 2406 2735 eommuni-

235 2790 398 2851 cata
453 2778 676 2857 uelim
719 2838 738 2853 .
795 2838 815 2854 .
873 2838 892 2855 .
928 2784 1124 2859 sauia
1161 2838 1182 2855 .
1229 2838 1248 2855 .
1282 2782 1396 2858 nis
1423 2834 1445 2857 .
1497 2784 1614 2857 Eo
1667 2782 2049 2885 peruenit,
2104 2793 2187 2851 ut
2215 2786 2403 2865 esset

229 2896 420 2969 mihi
454 2926 604 2974 non
635 2917 918 2976 tantum
959 2904 1376 2979 carissimus
1415 2902 1545 2979 sed
1583 2930 1811 3005 paene
1848 2901 2047 2977 solus
2084 2954 2105 2971 .
2162 2952 2185 2971 .
2242 2952 2265 2969 .

405 3126 440 3157 ⁸
485 3126 587 3193 M
635 3122 814 3189 Laus
851 3120 1264 3213 eloquentiae
1296 3173 1315 3190 .

308 3374 345 3405 a
381 3352 574 3422 Snpple
627 3372 786 3404 unum
817 3356 1064 3407 uerbum.
1135 3354 1165 3407 b
1201 3356 1388 3425 Supple
1442 3374 1638 3408 uernum
1681 3372 1799 3407 cum
1840 3352 2077 3405 dimidio.
2144 3368 2175 3401 c
2208 3353 2269 3401 In
2302 3368 2403 3420 po-

233 3429 440 3479 nteriore
479 3426 706 3477 uniuersa
746 3430 922 3498 pagina
969 3427 1096 3478 duae
1159 3442 1348 3479 tautum
1403 3430 1497 3498 legi
1544 3443 1737 3497 queunt
1792 3428 2055 3478 tententiae
2113 3440 2403 3493 sequentes.

227 3498 272 3549 d
313 3500 390 3549 Ita
431 3498 544 3547 cod.
573 3516 611 3547 u.
661 3514 752 3563 pro
793 3498 860 3548 b.
931 3514 956 3546 3
994 3500 1126 3551 Haec
1159 3517 1254 3549 una
1278 3502 1509 3553 sententia
1555 3500 1781 3569 legitur‘
1769 3518 1819 3548 m
1856 3498 1948 3548 3Ιὶ3
1988 3497 2195 3567 pagina·
2248 3490 2295 3566 f
2321 3499 2403 3549 Ita

229 3560 330 3637 ‘pro
361 3580 583 3621 meat.
614 3570 695 3619 Sic
731 3568 866 3636 apud
898 3570 1082 3623 Mutat.
1118 3571 1270 3619 inter.
1293 3586 1514 3622 necen-
1544 3586 1592 3621 a.
1609 3587 1727 3620 uem
1708 3570 1775 3619 iet
1821 3586 1914 3638 pro
1948 3568 2174 3620 uetu'bt'n
2242 3584 2281 3635 g
2314 3568 2404 3620 Pe-

229 3643 456 3698 rien-unt,
488 3652 680 3709 praeter
705 3639 1050 3707 praecedentes
1067 3642 1301 3699 lacunas,
1339 3658 1494 3711 unque
1536 3642 1600 3691 ad
1637 3638 1789 3691 finem
1829 3638 2062 3709 epistulae
2086 3654 2257 3690 uerum
2298 3652 2403 3693 ΧΠ.

228 3712 408 3780 Neque
443 3726 606 3767 tamen
645 3716 755 3763 tatio
793 3712 892 3763 »cio
941 3730 1107 3765 utrum
1137 3712 1416 3780 praedictae
1461 3714 1666 3765 lacunae
1716 3730 1883 3763 omne·
1938 3730 2085 3761 unam
2138 3729 2201 3761 an
2234 3710 2403 3777 pluteo

231 3783 464 3849 epistula·
507 3780 783 3835 adfici-nt.
872 3784 907 3833 h
959 3786 1024 3833 D·
1012 3802 1073 3834 uo
1119 3782 1240 3835 haec
1293 3785 1444 3836 uerba
1499 3803 1612 3852 pont
1651 3784 1853 3835 titulum
1888 3782 2007 3867 ‘lego
2058 3784 2109 3835 in
2170 3782 2339 3833 codiee
2375 3819 2395 3836 .

229 3854 364 3905 Exin
403 3856 456 3907 in
505 3856 600 3907 hac
648 3854 826 3925 pagina
861 3874 890 3906 3
941 3856 1166 3907 ner-ihu·
1213 3871 1350 3911 xxxx
1388 3875 1489 3908 non
1537 3870 1801 3926 supersunt
1851 3855 1944 3907 nin
1996 3856 2259 3909 nutantia
2306 3872 2395 3907 33-

226 3940 474 3997 quenten.

320 4096 344 4133 ι
394 4080 596 4137 Sermo
629 4090 749 4148 est,
782 4090 847 4138 ut
879 4078 1166 4151 arbitror,
1204 4083 1280 4139 de
1359 4100 1460 4139 rus
1491 4082 1729 4161 quidem
1780 4081 1923 4159 imp.
1960 4076 2154 4141 ualde
2181 4080 2403 4145 oduei*-

229 4156 483 4220 factione
517 4162 758 4225 circensi
791 4174 1000 4225 ueneta
1035 4164 1126 4225 cui
1163 4167 1278 4235 Ve-
1355 4166 1628 4227 sabatur.
1673 4166 1925 4249 Capitol.
1962 4186 2089 4250 etp.
2124 4166 2233 4233 Vl.
