3384 5134
1030 427 1185 502 338
1813 449 2408 502 mspuTArtotuzs

1044 550 1207 628 quit,
1250 548 1437 620 imus,
1476 547 1617 628 quin
1662 547 1870 625 lingua
1903 565 2151 624 graeca,
2194 567 2368 626 quam
2405 559 2468 604 tu
2501 545 2708 604 uidere
2737 543 2986 624 legisse,
3017 565 3176 626 pro-

1042 647 1215 706 lixior
1254 646 1549 726 fusiorque
1596 646 1710 718 sit,
1751 666 1924 724 quam
1977 657 2205 704 nostra:
2254 643 2450 702 sedin
2484 643 2558 702 iis
2601 657 2792 702 tamen
2833 643 3174 712 coloribus,

1042 747 1256 824 quibus
1294 745 1471 805 modo
1536 744 1770 814 dixisti,
1815 743 2292 812 denominandis,
2333 763 2454 800 non
2510 741 2762 820 proinde
2813 743 3018 819 inopes
3063 761 3177 800 su·-

1042 863 1211 916 mus,
1254 858 1321 904 ut
1358 843 1467 903 tibi
1510 843 1815 901 uidemur.
1863 843 1996 898 Non
2040 839 2193 898 enim
2239 839 2385 898 haec
2417 851 2550 898 sunt
2585 837 2704 898 sola
2737 839 3024 899 uocabula
3059 858 3176 898 m-

1042 943 1169 1000 sum
1214 943 1469 1002 colorem
1512 937 1972 998 demonstrantia
1991 979 2010 1006 ‚
2053 957 2200 1015 quae
2249 947 2315 994 tu
2379 937 2558 996 modo
2601 935 2838 1006 dixisti3
2877 937 3056 1015 rusus
3109 945 3175 992 et

1036 1039 1217 1102 ruber
1232 1065 1255 1115 ς
1296 1041 1403 1098 sed
1452 1039 1563 1097 alia
1616 1057 1846 1116 quoque
1909 1036 2200 1096 habemtss‘
2221 1035 2395 1116 plura
2415 1079 2435 1108 ,
2481 1057 2654 1114 quam
2687 1055 2836 1114 quae
2866 1035 3174 1112 producta

1036 1141 1142 1198 abs
1194 1153 1251 1196 te
1304 1157 1515 1216 graeca
1556 1149 1727 1196 sunt.
1773 1137 1996 1195 Fuluus
2047 1139 2243 1208 enim,
2295 1149 2356 1194 et
2409 1135 2633 1204 ssauus,
2679 1147 2738 1192 et
2785 1137 3075 1206 rubidus,
3113 1148 3176 1194 et

1037 1236 1395 1316 phoeniceus
1430 1277 1449 1304 ,
1494 1246 1553 1292 et
1602 1234 1858 1304 rutilus,
1902 1248 1961 1292 et
2008 1233 2202 1292 luteus
2232 1276 2253 1305 ,
2309 1248 2367 1292 et
2419 1232 2672 1312 spadix,
2735 1235 3176 1314 appellationes

1036 1345 1171 1390 sunt
1204 1329 1315 1390 rufi
1350 1330 1559 1389 coloris
1576 1373 1595 1400 ,
1616 1342 1715 1387 aut
1753 1344 2020 1390 acuentes
2055 1351 2183 1388 eum
2201 1374 2220 1401 ,
2267 1332 2429 1409 quasi
2463 1329 2872 1390 incendentes:
2895 1330 2996 1388 a'ut
3031 1351 3170 1388 cum

1040 1427 1239 1488 colore
1270 1428 1451 1488 uiridi
1486 1429 1829 1499 miscentes,
1875 1442 1975 1486 aut
2017 1429 2186 1506 nigro
2219 1429 2605 1499 infuscantes,
2650 1441 2750 1486 aut
2781 1428 2996 1486 uirenti
3025 1449 3176 1486 sen-

1040 1539 1148 1596 sim
1182 1535 1319 1596 albo
1350 1535 1744 1596 illuminantes
1766 1583 1778 1597 .
1825 1539 1974 1598 Nam
2007 1539 2412 1618 phoeniceus,
2459 1559 2632 1619 quem
2668 1552 2732 1597 tu
2765 1557 2974 1616 graece
3029 1543 3176 1604 φοι·

1044 1633 1258 1703 νικοῦν
1290 1645 1523 1718 dixisti,
1570 1663 1768 1708 noster
1802 1663 1928 1719 est,
1975 1662 2032 1706 et
2067 1649 2275 1712 rutilus
2297 1695 2316 1722 ,
2361 1663 2419 1708 et
2457 1651 2664 1729 spadix
2695 1649 3000 1730 phoenicei
3056 1667 3181 1707 συ·-

1040 1739 1315 1834 νῦνυμος
1342 1799 1361 1826 ,
1408 1755 1505 1834 qui
1541 1756 1729 1813 factus
1755 1775 1962 1834 graece
1981 1767 2170 1812 noster
2205 1768 2327 1825 est,
2373 1755 2840 1828 exuberantiam,
2882 1755 3172 1836 splendo-

1038 1871 1275 1929 remque
1310 1853 1597 1930 significat
1632 1847 1904 1921 ruboris3
1933 1849 2151 1932 ‚quales
2191 1863 2326 1908 sunt
2379 1851 2602 1911 fructus
2637 1851 2867 1930 palmae
2899 1854 3172 1926 arboris,

1040 1970 1157 2008 non
1200 1951 1517 2010 admodum
1552 1951 1672 2011 sole
1724 1952 1973 2019 incocti,
2017 1951 2174 2007 unde
2216 1951 2471 2028 spadicis
2507 1963 2566 2009 et
2595 1951 2903 2030 phoenicei
2945 1975 3170 2015 nomen

1038 2060 1164 2107 est.
1211 2051 1463 2129 Spadica
1514 2053 1666 2110 enim
1717 2051 1918 2110 Dorici
1971 2063 2176 2108 uocant
2225 2049 2490 2108 auulsum
2537 2071 2570 2108 e
2621 2049 2820 2128 palma
2875 2055 3168 2116 termitem

1044 2169 1177 2206 cum
1212 2150 1436 2208 fructu.
1478 2149 1703 2208 Fuluus
1735 2161 1926 2207 autem
1961 2148 2198 2206 uidetur
2225 2147 2298 2206 de
2331 2149 2460 2206 ruso
2497 2161 2671 2226 atque
2705 2151 2882 2209 uiridi
2917 2154 3166 2226 mixtim,

1034 2243 1097 2302 in
1130 2245 1260 2304 aliis
1291 2245 1427 2324 plus
1460 2246 1704 2317 uiridis,
1747 2247 1806 2302 in
1840 2245 1968 2302 aliis
2003 2245 2136 2324 plus
2171 2243 2278 2304 rufi
2321 2245 2576 2303 habere:
2621 2247 2772 2306 sicut
2811 2265 2988 2327 poeta
3033 2275 3168 2312 uer-

1037 2342 1249 2402 borum
1296 2333 1776 2422 diligentissimus
1814 2351 1906 2418 (t)
1931 2385 1948 2414 ,
1963 2345 2214 2422 saluam
2243 2346 2504 2422 aquilam
2549 2343 2692 2402 dicit
2727 2355 2784 2401 et
2831 2353 3124 2426 iaspidem
3147 2399 3166 2425 ,

1010 2444 1241 2518 fidelos
1270 2447 1510 2520 galeros
1530 2488 1548 2515 ‚
1593 2457 1651 2503 et
1656 2447 1908 2524 saluum
1951 2465 2164 2502 aarum
2182 2484 2201 2511 ,
2248 2455 2306 2500 et
2361 2465 2597 2503 ‹zv-enam
2612 2446 2862 2523 sultmm
2885 2489 2905 2518 ,
2949 2454 3168 2528 etsul-

1034 2561 1172 2597 uum
1220 2547 1442 2602 leonem
1482 2583 1496 2596 .
1542 2541 1640 2602 Sic
1690 2545 1784 2616 .Q.
1824 2542 2041 2602 Ennius
2087 2545 2146 2602 in
2197 2546 2501 2605 annalibus
2551 2565 2683 2604 aere
2713 2547 2908 2624 fuluo
2970 2549 3162 2608 dixit.

1026 2641 1259 2694 ‚Flauus
1302 2651 1503 2694 contra
1552 2639 1791 2698 uidetur
1823 2661 1890 2696 ex
1933 2621 2113 2700 uiridi
2155 2655 2214 2702 et
2254 2644 2384 2702 rufo
2423 2657 2480 2701 et
2525 2645 2662 2704 albo
2697 2659 3040 2722 concretus3
3075 2656 3166 2714 sic

1012 2735 1313 2808 flauentes
1356 2755 1583 2804 comae,
1631 2751 1689 2794 et
1717 2739 1876 2814 quod
1919 2741 2118 2798 mirari
2153 2743 2434 2821 quosdam
2469 2743 2951 2822 uideo,ft·ondes
2993 2754 3166 2808 olea-

1031 2849 1217 2886 ruma
1247 2829 1501 2907 Uirgilio
1538 2832 1814 2890 dicuntur
1829 2839 2072 2912 stactae.
2109 2840 2204 2899 Sic
2225 2841 2412 2898 multo
2444 2855 2578 2900 ante
2621 2843 2906 2901 Pacuuius
2939 2867 3166 2924 aquam

1008 2929 1249 3002 flauam
1292 2926 1441 2984 dixit
1464 2971 1483 2998 ,
1538 2941 1595 2986 et
1596 2930 1835 3006 flauum
1861 2941 2208 3008 puluerem3
2253 2940 2414 2998 cuius
2448 2959 2646 3000 uersus
2667 2943 2980 3020 ,quoniam
3025 2961 3166 3006 suut

1028 3022 1471 3097 iucundissimi,
1516 3027 1704 3087 libens
1771 3034 2164 3092 commemini:

1124 3125 1289 3184 Cedo
1307 3138 1497 3188 tamen
1518 3129 2288 3210 pe(a)demnlymphisstam's
2303 3137 2568 3213 =suluum
2583 3135 2673 3211 (b)
2694 3149 2762 3196 ut
2773 3143 3078 3215 puluerem
3099 3179 3119 3198 .

1115 3224 1401 3286 Manibus
1434 3227 1655 3296 isdem,
1697 3229 1913 3306 qulbus
1949 3233 2118 3290 Ulixe·
2157 3252 2329 3310 saepe
2345 3241 2638 3304 permulsa·
2654 3277 2672 3304 ‚
2713 3237 2988 3306 abluam3

1114 3315 1665 3418 Lassitudinem'que
1701 3332 1958 3386 minuam
2002 3351 2274 3404 mammm
2307 3337 2712 3393 mollitudine.

1028 3424 1302 3504 ..Rubidus
1346 3435 1536 3481 autem
1560 3436 1644 3482 est
1664 3424 1823 3498 rufus
1858 3426 2040 3483 atrior
2073 3442 2126 3485 et
2153 3429 2386 3504 nigrore
2421 3431 2602 3488 multo
2635 3433 2860 3494 inustus
2877 3441 2979 3508 (c).
3029 3439 3164 3494 Ln-

1030 3533 1159 3580 tens
1182 3534 1381 3579 contra
1402 3522 1565 3582 rufus
1600 3521 1764 3579 color
1795 3533 1882 3586 est
1901 3521 2194 3597 delutior3
2217 3526 2351 3586 inde
2370 3529 2420 3587 ci
2443 3529 2536 3602 (d)
2552 3549 2760 3588 nomen
2781 3550 3012 3610 quoque
3034 3552 3160 3590 esse

1084 3719 1121 3750 a
1158 3701 1237 3751 Ab
1286 3699 1378 3752 hae
1419 3699 1657 3752 diuisione
1709 3719 1880 3754 rursus
1921 3687 2096 3772 incipit
2131 3708 2276 3760 'aliud
2319 3707 2645 3778 fragmentum
2689 3709 2872 3761 codicis
2917 3712 3128 3779 palatini
3163 3751 3182 3768 .

1018 3771 1049 3821 b
1086 3772 1210 3821 Edd.
1230 3771 1437 3842 flauum
1459 3807 1471 3820 .
1544 3789 1573 3820 c
1610 3772 1736 3822 Edd.
1779 3777 1904 3825 male
1935 3780 2123 3830 mia-tus
2157 3797 2248 3848 pro
2283 3781 2476 3832 laumas
2495 3818 2510 3841 ,
2545 3801 2674 3853 quae
2711 3781 2957 3852 praeclara
2993 3803 3179 3837 emen-

1012 3844 1145 3895 datio
1182 3861 1289 3897 est:-
1356 3845 1395 3894 d
1432 3840 1553 3895 eod.
1589 3844 1680 3892 ind
1705 3845 1751 3892 ei
1771 3864 1786 3905 3
1828 3847 1941 3896 edd.
1973 3850 2140 3900 unde.

1098 4027 1120 4066 1
1162 4007 1478 4084 Virgilius.
1500 4011 1571 4066 Et
1592 4013 2046 4071 notemusFron-
2126 4013 2324 4074 abillo
2356 4017 2528 4078 fuisse
2573 4019 2813 4098 dignum
2845 4017 3172 4078 iudicatum

1008 4087 1463 4182 {onisiudicium
1487 4091 1561 4150 de
1596 4096 1824 4181 Virgilii
1849 4094 2049 4154 elocu-
2131 4102 2290 4156 cuius
2324 4101 2675 4160 elocutiones
2719 4103 2796 4164 ad
2835 4103 3172 4184 exemplum

1008 4181 1201 4244 tione,
1238 4174 1561 4252 quominus
1592 4180 1875 4240 miremur
1891 4179 2049 4240 hunc
2131 4179 2239 4244 sibi
2274 4201 2635 4270 excerperet.
