3384 5134
998 454 1313 509 LIBER
1396 458 1495 507 nt

148 544 347 615 dictus
384 560 515 625 est)
567 554 819 616 extitisse
872 556 1148 633 magister
1184 595 1199 609 .

144 642 317 697 Idem
354 641 417 695 in
454 640 876 719 martyrologio
912 660 1205 699 rom-sau-

146 738 379 780 ctorum
394 722 619 781 honore
638 724 867 781 fruitur.
888 724 1047 791 Vide
1068 730 1203 799 post

144 808 295 863 alios
343 806 423 863 de
458 828 521 865 re
544 806 922 864 disserentem
960 806 1209 867 Morcel-

1284 550 1482 609 Seueri
1519 553 1702 631 impp.
1737 552 1914 611 aetati
1961 439 2332 617 tribuet-egg-

1287 634 1494 693 denter
1526 659 1716 715 prope
1735 640 1912 695 ausim
1935 681 1949 693 .
1974 642 2246 697 Ceterum
2271 653 2330 699 et

1285 720 1575 777 Caecilius
1609 720 1851 798 Capella
1875 720 2112 797 quidam
2131 743 2164 779 a
2189 726 2330 781 Ter-

1288 802 1535 859 tulliano
1556 805 1630 861 ad
1650 808 1820 880 Scap.
1855 806 1933 864 lll
1959 817 2330 874 memoratur-3

142 889 291 947 lium
312 884 695 949 Afric.ch.nd
713 910 925 949 anuum
944 891 1192 949 Ch.ccx.
1276 899 1339 943 et
1382 887 1456 945 ab
1498 888 1828 965 Augustino
1867 889 1940 946 de
1973 887 2134 967 bapt.
2183 889 2328 947 v1.8

144 987 203 1030 et
242 976 659 1031 camalam
694 974 741 1031 si
779 967 997 1031 codicis
1013 968 1196 1031 nostri

143 1055 511 1133 subscriptio
574 1076 693 1113 non
753 1052 1038 1135 exscripta
1069 1098 1087 1125 ,
1138 1066 1205 1113 ut

144 1137 319 1196 haud
360 1136 539 1197 semel
572 1134 633 1195 in
652 1136 949 1199 codicibus
966 1140 1205 1207 accidit,

144 1222 253 1277 sed
278 1222 645 1299 autographa
667 1237 749 1279 est
762 1250 780 1292 3
816 1238 873 1281 ct
896 1216 942 1281 si
960 1222 1203 1301 praedi-

148 1317 315 1361 ctum
336 1302 653 1364 Caecilium
676 1304 851 1363 habet
884 1317 1200 1373 auctorem,

148 1387 345 1443 codex
380 1387 623 1463 quidem
678 1388 973 1447 uatieanus
1026 1388 1201 1447 aetati

142 1470 473 1529 frontonis
490 1490 727 1551 suppar,
742 1470 915 1530 immo
934 1486 1060 1550 per,
1080 1490 1203 1531 esse

146 1552 559 1627 cognoscitur,
592 1556 667 1615 ab
690 1551 947 1615 eiusdem
971 1557 1096 1615 ciue
1129 1574 1197 1615 ac

142 1656 344 1713 prope
360 1636 637 1696 familiari
660 1640 1021 1707 emendatus,
1040 1638 1199 1697 ideo-

146 1738 269 1793 que
325 1722 629 1779 Persarum
648 1764 667 1793 ,
720 1735 783 1781 ιιι
834 1722 914 1779 ita
967 1722 1156 1783 dicam
1176 1758 1197 1793 ,

146 1818 295 1875 gaza
332 1796 644 1878 pretiosior
665 1848 680 1861 .
702 1810 873 1863 Certe
892 1824 999 1883 ego
1038 1807 1203 1865 codi-

148 1900 281 1943 cem
302 1882 738 1949 frontonianum
759 1889 1068 1950 Commodi
1102 1888 1199 1949 uel

1282 964 1570 1031 Caecilius
1590 971 1775 1029 Biltae
1793 970 1851 1027 in
1872 970 2068 1031 Africa
2103 970 2325 1049 episco-

1285 1070 1395 1132 pus
1414 1092 1429 1112 .
1494 1054 1595 1111 Ad
1656 1048 1974 1115 Caecilium
2035 1054 2326 1133 quendam

1286 1134 1493 1197 scribit
1522 1136 1850 1218 Cyprianus
1867 1158 1962 1213 ep.
1987 1160 2163 1198 nnn.
2202 1140 2325 1196 De-

1282 1221 1457 1301 nique
1489 1224 1730 1283 Caecilii
1768 1222 1926 1281 Galli
1950 1222 2040 1294 (si
2076 1243 2212 1281 sana
2231 1222 2325 1279 le-

1286 1306 1401 1366 ctio
1436 1318 1555 1375 est;
1578 1328 1712 1365 nam
1737 1300 1834 1363 alii
1871 1306 2074 1383 legunt
2109 1306 2324 1365 ·c·Ae.
2425 1351 2430 1357 .

1282 1390 1428 1449 lium
1464 1389 1555 1448 uel
1592 1388 1894 1468 Aquilium
1925 1386 2168 1447 Gallum
2190 1396 2217 1460 )
2239 1387 2328 1444 ui-

1282 1472 1335 1534 ri
1372 1470 1727 1542 doctissimi,
1771 1471 1868 1549 qui
1887 1468 2116 1549 scripsit
2152 1472 2226 1530 de
2242 1471 2329 1529 si-

1280 1557 1649 1635 gnificatione
1668 1556 1975 1615 uerborum
1985 1554 2150 1625 iuris,
2163 1575 2322 1612 men-

1284 1644 1365 1701 tio
1399 1639 1465 1697 fit
1515 1641 1674 1716 apud
1711 1636 2070 1697 Macrobium
2101 1652 2321 1699 saturn.

1286 1738 1373 1784 vi.
1412 1724 1465 1782 8.
1484 1724 1651 1782 Alios
1668 1742 1809 1781 uero
1829 1720 2115 1781 Caecilios
2147 1742 2321 1799 quam

1280 1806 1567 1889 plurimos
1600 1822 1900 1865 recensere
1943 1824 2062 1863 non
2103 1816 2270 1865 uacat
2303 1839 2322 1859 .
