3384 5134
1079 388 1181 474 BG
1692 418 2584 476 An·n·cAtsAnnm

1082 538 1520 621 quemquam
1550 515 1870 588 amicum
1901 515 2034 588 tihi
2065 570 2084 585 .
2137 515 2206 587 Ν
2209 539 2348 587 unc
2381 539 2496 585 me
2529 510 2749 586 uelim
2773 537 2910 613 pro
2945 526 3072 585 tuo
3101 540 3220 587 er·-

1082 664 1168 737 ga
1212 664 1329 711 me
1382 660 1672 729 amore,
1729 661 1876 735 quo
1917 654 2077 709 su‘m
2119 633 2618 727 beatissimus»,
2675 632 2750 703 in
2809 632 2943 705 hac
2994 634 3214 707 etiam

1078 774 1281 860 parte
1320 756 1627 831 consilio
1658 756 1860 837 iuues
1889 812 1906 827 .
1963 758 2156 847 Quin
2189 754 2366 827 nihil
2395 770 2592 827 extra
2651 778 2941 829 causam
2971 755 3210 829 dicem

1081 877 1381 973 debeam
1406 933 1429 972 ,
1468 874 1667 977 quod
1693 892 1726 926 ⁸
1757 876 2088 951 Heroden
2109 876 2344 949 laedat
2367 870 2401 925 b
2424 931 2447 970 ‚
2475 901 2622 950 non
2643 875 2899 951 dubito
2925 912 2943 949 ε
2975 878 3100 951 sed
3127 906 3212 951 ea

1081 1022 1261 1101 quae
1286 1000 1360 1073 in
1396 1022 1607 1071 causa
1630 1012 1842 1091 sunt3
1893 1014 2134 1073 autem
2165 1011 2196 1047 ‘²
2231 1012 2391 1073 sunt
2415 998 2865 1073 atrocissima
2893 1029 2914 1092 ς
2959 1025 3215 1100 quem-

954 1124 965 1135 '
1077 1116 1481 1193 admodum
1510 1131 1816 1191 tractem
1845 1174 1868 1203 ,
1926 1118 2005 1190 id
2039 1119 2281 1219 ipsum
2319 1132 2428 1190 est
2471 1116 2667 1216 quod
2727 1117 3076 1191 addubito
3139 1132 3214 1191 et

1082 1236 1472 1310 consilium
1503 1262 1738 1338 posco
1763 1292 1780 1307 .
1805 1235 2211 1309 Dicendum
2241 1228 2504 1308 estdde
2530 1236 2944 1309 hominibus
2971 1236 3213 1311 liberis

1082 1357 1465 1432 crudeliter
1495 1357 1880 1431 uerberatis
1929 1370 2002 1431 et
2026 1344 2352 1459 spoliatis
2383 1412 2406 1451 ‚
2439 1383 2585 1429 uno
2619 1382 2790 1431 uero
2842 1358 3057 1461 etiam
3087 1382 3215 1432 oc-

1080 1478 1273 1553 ciso:
1328 1476 1719 1551 dicendum
1769 1492 1878 1552 est
1931 1477 2020 1549 de
2057 1470 2207 1549 filio
2263 1475 2498 1575 impio
2549 1488 2623 1548 et
2672 1499 2972 1577 precum
3011 1488 3042 1523 θ
3084 1504 3214 1577 pa-

1078 1614 1443 1676 ternarum
1476 1596 1874 1672 inmemore
1903 1610 1920 1645 ¹
1953 1629 1971 1669 2
2003 1582 2292 1671 saeuitia
2327 1612 2402 1671 et
2431 1591 2723 1670 auaritia
2755 1596 3208 1697 exprobran-

1077 1716 1169 1790 da
1200 1751 1219 1789 ε
1275 1717 1589 1792 carnifex
1612 1716 1908 1815 quidam
1940 1716 2260 1790 Herodes
2291 1713 2367 1787 in
2399 1716 2532 1788 hac
2565 1740 2776 1789 causa
2801 1730 2910 1789 est
2943 1716 3216 1787 consti-

1075 1835 1376 1909 tuendus
1405 1890 1422 1906 .
1480 1816 1702 1927 Quod
1741 1837 1800 1907 si
1835 1835 1908 1907 in
1957 1827 2112 1908 isti's
2171 1834 2592 1909 criminibus
2621 1892 2643 1930 v
2699 1834 2972 1935 quibus·
2998 1860 3212 1911 causa

1076 1956 1333 2029 nititur
1358 2010 1381 2049 ,
1408 1970 1615 2054 putes
1642 1948 1669 2003 f
1686 1953 1946 2053 debere·
1975 1980 2092 2028 me
2111 1982 2201 2027 ex
2233 1957 2536 2030 summis
2578 1956 2838 2056 opibus
2872 1954 3210 2045 aduersa-

1077 2075 1267 2147 rium
1301 2101 1544 2172 urgere
1574 2088 1647 2147 et
1679 2098 2001 2173 premere
2028 2130 2052 2168 ‚
2111 2074 2225 2148 fac
2249 2102 2366 2147 me
2391 2130 2412 2168 .,
2468 2075 2776 2149 Domine
2815 2077 3090 2181 optime
3139 2092 3214 2153 et

1073 2192 1256 2265 mihi
1290 2190 1714 2266 dulcissime
1741 2246 1762 2286 ‚
1821 2189 2106 2266 consilii
2147 2193 2250 2264 tui
2303 2196 2682 2270 certiorem
2713 2248 2729 2263 .
2785 2197 2860 2269 Si
2911 2224 3085 2272 uero
3135 2198 3214 2274 in

1072 2312 1187 2385 his
1218 2337 1511 2415 quoque
1548 2311 2064 2384 remittendum
2109 2310 2380 2411 aliquid
2398 2326 2653 2415 putas3
2693 2314 2894 2417 quod
2927 2329 3006 2391 tu
3039 2342 3208 2391 sua-

1036 2430 1249 2508 seris
1276 2485 1299 2524 .,
1352 2428 1433 2503 id
1460 2429 1826 2529 optimum
1857 2428 2134 2503 factum
2162 2429 2426 2507 ducam
2461 2486 2478 2502 .
2534 2430 2727 2504 Illud
2755 2432 3048 2531 quidem
3077 2490 3099 2527 .,
3125 2448 3212 2509 ut

1070 2546 1267 2641 dixi,
1324 2550 1619 2620 firmum
1644 2562 1724 2619 et
1753 2561 1988 2622 ratum
2011 2548 2276 2623 habeto
2304 2606 2328 2644 ,
2364 2551 2543 2627 nihil
2569 2567 2768 2629 extra
2801 2578 3088 2629 causam
3115 2554 3242 2625 de-

1066 2664 1395 2738 moribus
1448 2678 1521 2736 et
1576 2680 1806 2739 cetera
1861 2667 2013 2741 eius
2066 2670 2214 2742 uita
2279 2696 2398 2745 me
2425 2670 2794 2747 dicturum
2823 2729 2842 2744 .
2895 2673 3114 2765 Quod
3144 2675 3267 2773 si.

1072 2782 1207 2855 tibi
1252 2781 1617 2855 uidebitur
1670 2786 1934 2859 seruire
1973 2811 2092 2863 me
2157 2810 2404 2865 causae
2461 2790 2715 2867 debere
2741 2850 2762 2888 ‚
2817 2795 2966 2869 iarn
3015 2820 3207 2867 nunc

1072 2899 1435 2977 admoneo
1494 2928 1581 2976 ne
1634 2930 1754 2978 me
1791 2906 2232 2983 inmoderate
2266 2936 2559 2987 usurum
2596 2914 2888 3017 quidem
2959 2889 3210 2991 causae

949 3026 968 3046 ⁶
1072 3022 1507 3096 occasiones
1563 3028 1840 3101 atrocia
1887 3030 2080 3103 enim
2135 3046 2300 3105 sunt
2365 3020 2670 3107 crimina
2733 3050 2808 3110 et
2868 3036 3210 3117 atrociter

1070 3137 1375 3213 dicenda
1404 3194 1425 3211 .
1490 3138 1623 3213 Illa
1664 3141 1820 3242 ipsa
1889 3146 1978 3219 de
2010 3147 2284 3223 laesis-s
2311 3164 2384 3221 et
2414 3149 2738 3251 spoliatis
2791 3152 3204 3229 hominibus

1070 3258 1173 3330 ita
1194 3283 1235 3331 a
1262 3247 1304 3305 ¹¹
1332 3284 1449 3333 me
1477 3257 1808 3334 dicentur
1839 3276 1918 3335 ut
1951 3264 2044 3336 fel
2079 3268 2152 3339 et
2174 3264 2394 3341 bilem
2417 3269 2732 3369 sapiant:
2759 3270 2990 3343 sicubi
3013 3298 3210 3369 grae-

1072 3376 1321 3452 culum
1370 3392 1444 3451 et
1480 3380 1865 3457 indoctum
1915 3384 2210 3482 dixero,
2266 3414 2414 3461 non
2465 3390 2604 3463 erit
2647 3390 3208 3472 interneciuum.

1137 3604 1175 3638 a
1207 3590 1285 3674 1²?
1318 3607 1361 3642 ι.
1398 3610 1575 3657 manin
1602 3610 1653 3647 at
1686 3612 1736 3650 α.
1761 3592 1894 3668 quod
1919 3602 2009 3652 ἱη..
2076 3598 2106 3651 ό
2141 3602 2262 3653 eod.
2297 3588 2464 3653 ledat.
2534 3621 2563 3653 c
2596 3605 2672 3655 Ita
2701 3568 2810 3665 cod.
2841 3622 2933 3670 pro
2956 3618 3072 3657 sunt
3103 3628 3204 3659 au·-

1068 3672 1167 3708 tem
1184 3674 1329 3721 mue
1356 3678 1516 3715 errore
1547 3666 1796 3719 scribenda
1813 3706 1826 3729 ,
1846 3672 1946 3721 siue
1967 3674 2030 3721 ob
2069 3672 2318 3721 nimndnm
2338 3688 2630 3727 concursum
2657 3674 2870 3726 eiusdem
2903 3678 3034 3725 uoci·
3052 3692 3168 3729 sunt
3189 3714 3202 3726 -

1068 3730 1109 3777 d
1143 3738 1235 3781 Est
1258 3736 1597 3799 superadditur
1627 3754 1673 3789 a.
1711 3758 1862 3791 manu
1883 3780 1897 3793 .
1966 3760 1994 3790 e
2029 3743 2150 3794 Cod.
2188 3760 2428 3813 praecum
2451 3783 2462 3795 .
2520 3741 2570 3813 f
2591 3745 2666 3794 Ita
2701 3744 2810 3794 cod.
2846 3762 2895 3794 a·
2927 3764 3120 3815 mann3
3155 3766 3205 3807 at

1070 3810 1330 3887 'x'leu‘
1395 3822 1437 3874 g
1488 3806 1609 3861 Cod,
1640 3808 1792 3864 lasis.
1853 3812 1888 3861 Ιι
1929 3809 2050 3865 cod.
2083 3814 2184 3872 acl,
2217 3810 2781 3888 nedibidemdsseleu.

1082 4068 1087 4075 ἡ
1157 4016 1181 4053 ι
1235 3992 1416 4092 Apud
1446 4002 1938 4066 Philostratumin
1973 4011 2093 4069 uita
2173 4031 2313 4070 sano
2348 4014 2527 4071 amori
2567 4016 2828 4076 deditum
2849 4029 3069 4094 ;.a1que
3103 4016 3202 4074 id·-

1068 4078 1317 4171 Herodu
1365 4080 1611 4158 legimus
1660 4128 1678 4156 ‚
1729 4088 1867 4147 huic
1911 4092 2094 4152 filium
2177 4096 2330 4153 circo
2371 4098 2522 4174 patri
2558 4100 2848 4175 intusum,·
2875 4101 2958 4161 ita
2993 4113 3057 4159 ut
3073 4115 3204 4161 eum

1070 4160 1239 4221 smsse
1256 4162 1574 4241 stolidum,
1610 4170 1900 4233 ebriosum
1933 4218 1952 4249 ,
1986 4196 2091 4237 ue·
2178 4178 2612 4242 exheredauerit
2633 4226 2649 4244 .
