3384 5134
1071 463 1160 514 ιο
1675 461 1792 511 An
1865 461 1985 510 ηπ·
2066 462 2603 512 οΑεεΑιιεΜ

1064 553 1420 633 Lucrinus
1455 613 1479 652 .,
1534 571 1608 630 et
1635 557 2006 654 Auernus,
2058 573 2133 631 et
2168 557 2306 632 alia
2343 559 2589 632 omnia
2622 583 2805 659 quae
2834 559 3233 632 ὀδω-σείειν

1061 680 1334 754 faciunt
1377 674 1420 714 *
1453 736 1470 750 .
1509 679 1904 754 Enimuero
1953 678 2197 751 omnia
2232 680 2453 752 istaec
2498 679 2686 752 inter
2718 705 3004 777 graecos
3048 709 3234 756 uer-

1060 829 1181 876 sus
1233 801 1451 876 latina
1508 800 1610 874 ita
1644 802 1823 874 scite
1862 799 2206 874 alternata
2247 814 2415 873 sunt
2440 829 2481 872 a
2515 815 2585 873 te
2622 813 2695 872 et
2732 801 3170 901 interposita
3198 857 3233 898 ‚

1055 934 1140 995 ut
1197 935 1306 996 est
1365 919 1486 995 ille
1543 920 1617 993 in
1677 921 1971 1020 pyrrica
2026 932 2057 967 ⁸
2119 916 2645 994 uersicolorum
2698 919 3073 994 discursus
3106 915 3159 955 *
3198 949 3229 1014 ς

1057 1071 1283 1144 quom
1313 1042 1567 1116 amicti
1602 1066 1835 1115 cocco
1868 1038 1993 1113 alii
2028 1097 2052 1136 .,
2110 1041 2233 1114 alii
2264 1040 2456 1114 luteo
2490 1053 2564 1112 et
2591 1055 2793 1114 ostro
2826 1053 2899 1113 et
2932 1067 3233 1142 purpu-

1057 1195 1135 1242 ra
1163 1223 1186 1260 .‚
1241 1163 1362 1240 alii
1397 1163 1656 1263 aliique
1689 1161 2104 1237 coherentes
2141 1153 2178 1213 b
2208 1173 2686 1236 concursant.
2720 1163 2879 1234 Iam
2912 1190 2951 1236 a
2980 1165 3227 1234 Laer-

1056 1288 1162 1360 tio
1195 1285 1290 1359 ad
1312 1283 1650 1358 Atridam
1694 1281 2049 1381 eleganter
2075 1283 2438 1356 transisti.
2486 1281 2685 1353 Ecce
2726 1295 2967 1353 autem
3008 1281 3223 1352 circa

1053 1405 1375 1479 Ennium
1406 1402 1626 1476 aliam
1659 1399 2100 1476 malitiosam
2132 1376 2403 1502 pelta'm
2438 1411 2469 1450 c
2503 1399 2817 1495 dedisti,
2850 1427 3022 1474 cum
3051 1402 3162 1474 ais
3192 1456 3223 1494 .,

1051 1525 1190 1599 nisi
1247 1552 1338 1598 ex
1407 1549 1664 1602 somno
1722 1524 2203 1602 exsuscitatus
2266 1538 2454 1596 esset
2502 1579 2527 1616 .‚
2608 1549 3013 1624 numquam
3074 1551 3217 1598 so-

1051 1649 1334 1720 mnium
1369 1673 1580 1722 suum
1613 1661 1970 1720 narrasset
1994 1703 2011 1718 .
2044 1635 2457 1748 [Quaerat]
2494 1647 2773 1719 Marcus
2802 1673 3002 1720 meus
3030 1647 3221 1718 Cae-

1055 1794 1170 1842 sar
1195 1824 1217 1860 ,
1267 1769 1328 1844 si
1373 1783 1548 1870 pote
1573 1825 1596 1864 .‚
1628 1766 1905 1866 aliquid
1939 1761 1980 1817 d
2016 1762 2409 1869 argutiusx*
2452 1824 2468 1838 .
2510 1767 2937 1866 Praestigiae
2969 1768 3217 1842 nullae

1049 1901 1205 1964 tam
1235 1900 1598 1980 uersutae.,
1624 1885 1819 1958 nulla
1838 1943 1861 1982 .‚
1899 1901 1981 1960 ut
2010 1889 2113 1960 ait
2136 1888 2397 1960 Leuius
2433 1899 2454 1934 ¹
2484 1944 2507 1981 .,
2537 1885 2873 1987 decipula
2912 1902 3059 1963 tam
3093 1891 3213 1964 in-

1051 2008 1320 2084 sidiosa
1351 2062 1370 2080 .
1425 2001 1664 2110 Qui[d
1712 2003 1825 2112 si]
1862 2033 1993 2106 ego
2032 2006 2112 2080 id
2162 2006 2463 2109 postulo
2509 2035 2598 2080 ne
2652 2011 3141 2109 expergiscare
3167 2004 3215 2084 ’.Ρ
3316 2093 3323 2106 Ι

1053 2131 1228 2230 quin
1255 2121 1590 2230 postul[o
1629 2123 1758 2231 ut]
1786 2144 1860 2202 tu
1886 2127 2213 2206 dormias
2234 2185 2251 2202 .
2288 2129 2511 2202 Aliud
2538 2154 2948 2209 scurrarum
2974 2145 3008 2182 ²
3035 2157 3217 2233 pro-

1050 2249 1380 2324 uerbium
1411 2280 1429 2317 ε
1481 2265 1571 2320 en
1607 2272 1781 2322 cum
1816 2273 1962 2348 quo
1997 2249 2073 2320 in
2116 2249 2424 2322 tenebris
2464 2251 2691 2324 mices
2727 2245 2768 2285 *
2802 2308 2822 2328 .
2878 2251 3017 2326 Sed
3043 2279 3214 2324 sum

1049 2395 1139 2442 ne
1181 2395 1312 2468 ego
1342 2368 1595 2441 beatus
1625 2423 1646 2461 ‚
1681 2368 1805 2468 qui
1837 2367 2013 2444 haec
2047 2366 2377 2466 intellego
2414 2383 2487 2442 et
2516 2373 2888 2472 perspicio
2918 2429 2941 2468 ,
2982 2385 3057 2444 et
3096 2373 3215 2444 in-

1049 2517 1264 2592 super
1295 2488 1494 2563 almo
1545 2487 1841 2562 nomine
1888 2499 1921 2538 θ
1966 2489 2306 2586 magister
2348 2491 2677 2593 appellor
2705 2485 2747 2568 ?
2784 2495 2948 2586 Quo
2982 2508 3208 2594 pacto

1133 2769 1168 2800 ⁴⁸
1213 2769 1316 2832 M.
1365 2765 1561 2832 Baiae
1599 2811 1618 2844 ‚
1691 2767 2025 2834 Lucrinus
2090 2786 2162 2837 et
2212 2768 2576 2853 Auernus',
2642 2789 2714 2838 et
2770 2771 2903 2837 alia
2979 2775 3205 2839 omnia

1049 2881 1353 2950 quaeque
1393 2856 1727 2948 Odyssian
1769 2857 2021 2926 faciunt
2054 2911 2069 2926 .

1139 2953 1170 2982 ⁴⁸
1218 2951 1318 3016 M.
1371 2949 1470 3014 Ita
1523 2951 1594 3016 in
1643 2951 1938 3018 oratione
1974 2969 2053 3018 ut
2094 2953 2163 3018 in
2198 2953 2466 3046 pyri-ica
2504 2953 2952 3022 uersicolorus
3004 2955 3206 3022 debet

1051 3041 1198 3109 fleri
1233 3041 1567 3107 discursus
1605 3088 1624 3107 .
2250 3047 2253 3049 ’

1139 3137 1174 3165 ⁸
1221 3133 1324 3198 M.
1373 3133 1618 3200 Caesar
1653 3135 1709 3199 si
1730 3151 1921 3223 putes
1964 3131 1995 3226 (
2010 3161 2138 3227 pro
2174 3133 2412 3226 potes)
2438 3134 2695 3224 aliquid
2732 3141 3031 3228 argutius
3056 3186 3072 3202 .

1131 3227 1166 3255 ⁸
1211 3225 1315 3294 ΙΙ.
1353 3223 1757 3295 Scurrarum
1782 3227 2259 3315 prouerbium,
2280 3229 2349 3298 in
2386 3229 2672 3295 tenebris
2710 3253 2922 3298 mcces
2955 3229 3095 3322 (sic
3122 3229 3151 3322 )
3178 3279 3195 3296 .

1111 3487 1148 3519 a
1184 3473 1261 3520 Ita
1285 3469 1500 3541 cod-nine
1515 3471 1842 3538 adspiratione
1866 3509 1880 3522 .
1928 3471 1959 3522 b
1998 3475 2072 3525 Itu
2095 3475 2206 3524 eod.
2235 3477 2336 3526 sine
2352 3475 2597 3546 diphthon
2684 3513 2697 3526 .
2759 3495 2788 3528 c
2830 3481 2905 3529 Ita
2928 3479 3049 3528 olim
3082 3482 3205 3532 edi-

1043 3537 1137 3600 ὥς
1169 3540 1371 3589 schedae
1431 3555 1592 3592 nmen
1628 3543 1831 3594 dubiam
1870 3543 2105 3595 exhibent
2134 3547 2341 3596 litteram
2375 3547 2429 3606 l,
2466 3551 2555 3598 nisi
2610 3565 2716 3598 orte
2752 3567 2861 3599 enm
2896 3550 3070 3600 deinde
3092 3571 3206 3602 cen-

1035 3610 1166 3661 tiore
1189 3610 1396 3660 lectione
1429 3612 1686 3666 adsecutu-
1720 3633 1829 3665 eum
1850 3649 1863 3663 .
1906 3618 2039 3664 Num
2074 3615 2335 3678 dicendum
2358 3633 2431 3668 eet
2463 3633 2581 3668 cum
2620 3619 2906 3670 Heindorfio
2926 3621 3159 3690 plagam
3184 3631 3205 3674 ἲ

1039 3679 1080 3726 cl
1112 3682 1256 3730 Deest
1295 3678 1497 3748 aliquid
1537 3685 1615 3736 uel
1649 3705 1751 3735 non
1787 3684 1997 3754 legitur-3
2032 3683 2345 3738 uerunt-me*
2421 3688 2550 3738 idem
2604 3691 2800 3756 supplet
2835 3710 2860 3741 r
2903 3712 2930 3743 a
2970 3697 3202 3758 margins·

1033 3749 1266 3801 ‹lemmte
1291 3785 1304 3800 .
1373 3769 1403 3800 e
1425 3755 1500 3809 In
1515 3759 1903 3824 nuper-criptum
1936 3758 2141 3810 uidebar
2162 3759 2286 3812 mihi
2314 3701 2469 3829 lehem
2502 3763 2555 3812 in
2590 3761 2759 3814 codice
2780 3761 2921 3814 almo
2954 3757 3165 3814 ηοηιῖιιε
3186 3797 3201 3812 .

1131 3972 1152 4008 1
1203 3953 1406 4022 Leuii,
1453 3974 1552 4012 seu
1585 3956 1823 4025 Laeuii,
1870 3969 2083 4034 poetae
2163 3957 2249 4019 sic
2277 3958 2593 4035 legendum
2654 3961 2814 4040 apud
2846 3964 3200 4019 Frontonem

1035 4033 1298 4092 meminit
1341 4036 1568 4096 Gellius
1601 4038 1677 4096 11.
1714 4045 1810 4108 ‘²4-
2162 4041 2425 4099 existimo
2457 4085 2472 4099 .
2526 4045 2774 4102 scurrae
2846 4045 3003 4102 enim
3052 4045 3198 4123 quid

1125 4139 1156 4176 2
1203 4119 1326 4176 Cic.
1367 4119 1442 4176 de
1476 4119 1569 4178 off.
1623 4123 1733 4178 111.
1810 4142 1881 4197 ¹9
1934 4122 2082 4182 dicit
2159 4122 2297 4182 heic
2326 4125 2589 4184 faciunt?

1035 4191 1152 4256 hoc
1181 4201 1528 4261 rusticorum
1553 4202 1974 4282 prouerbium5
2008 4219 2069 4264 et
