3384 5134
1055 462 1212 536 318
1840 488 1882 535 r
1916 488 1961 535 n
1996 486 2021 535 1
2052 490 2095 535 u
2127 486 2164 533 c
2201 488 2225 534 1
2255 488 2295 534 r
2330 489 2353 533 1
2386 486 2433 535 A

1051 604 1156 681 po
1215 601 1540 653 exercere
1567 633 1585 649 .
1653 578 2209 679 Corruptissimi
2242 572 2283 611 *
2310 602 2481 650 uero
2522 578 2855 651 omnium
2888 580 3233 680 syriatici

1051 700 1322 775 milites
1355 712 1373 747 ¹
1401 754 1430 796 ,
1483 700 1857 797 seditiosi,
1916 717 2383 775 contumaces
2414 756 2437 795 ,
2490 700 2686 803 apud
2736 702 2941 799 signa
3000 702 3231 774 infre-
3358 746 3366 839 4

1049 838 1346 925 quentes
1376 880 1394 895 .
1433 880 1450 896 .
1492 825 1867 926 praesidiis
1896 826 2055 923 uagi
2088 882 2107 896 .
2168 882 2187 896 .
2248 881 2266 897 .
2302 850 2387 899 ac
2418 824 2742 927 palantes
2770 825 2863 896 de
2914 822 3227 897 meridie

1054 1004 1076 1019 .
1117 1003 1134 1019 .
1165 960 1198 997 ⁸
1225 948 1640 1040 temulenti3
1677 974 1767 1020 ne
1798 963 2078 1020 armatu
2112 947 2410 1047 quidem
2443 944 2857 1021 sustinendo
2882 945 3181 1018 adsueti
3204 998 3227 1035 ‚

1053 1069 1177 1143 sed
1210 1069 1626 1169 inpatientia
1665 1069 1941 1143 laboris
1976 1070 2199 1143 armis
2236 1068 2666 1168 singillatim·
2690 1064 3133 1139 omittendis
3157 1064 3225 1133 in

1049 1188 1353 1260 uelitum
1385 1202 1599 1288 atque
1626 1187 2078 1261 funditorum
2116 1187 2427 1262 modum
2458 1186 2817 1261 seminudi
2836 1197 2901 1254 2.
2930 1184 3227 1257 Praeter

1045 1306 1555 1381 huiuscemodi
1587 1306 1945 1380 dedecora
1982 1308 2189 1383 malis
2215 1306 2517 1409 proeliis
2556 1310 2655 1383 ita
2692 1304 3025 1409 perculsi
3082 1304 3223 1375 fue-

1049 1442 1218 1501 runt
1242 1484 1286 1522 ‚,
1319 1442 1404 1503 ut
1461 1427 1558 1501 ad
1617 1430 1941 1529 primum
1990 1428 2429 1503 Parthorum
2488 1440 2979 1529 conspectum
3042 1442 3221 1521 terga

1048 1564 1452 1644 uerterent,
1509 1551 1721 1623 tubas
1774 1552 1976 1651 quasi
2008 1552 2211 1648 fugae
2264 1554 2547 1649 signum
2580 1548 2913 1623 canentis
2948 1541 2989 1597 ι)
3022 1546 3221 1621 audi-

1043 1685 1204 1745 rent
1225 1728 1247 1742 .
1300 1674 1610 1745 Tantam
1666 1671 1999 1747 militaris
2052 1671 2481 1773 disciplinae
2522 1672 2763 1745 labem
2824 1672 3215 1757 coercuit,

1043 1792 1398 1869 industria
1457 1819 1580 1867 sua
1643 1794 1740 1866 ad
1796 1794 2260 1869 militandum
2312 1793 2651 1893 exemplo
2704 1792 3109 1893 proposita
3136 1782 3169 1837 3
3200 1843 3217 1857 .

1047 1908 1338 1985 Primus
1367 1912 1618 2012 ipsein
1648 1913 1929 2009 agmine
1956 1912 2151 1987 haud
2192 1914 2479 2013 saepius
2514 1937 2705 2011 equo
2736 1910 2949 2004 uehi,
2996 1936 3217 2011 quam

1041 2030 1352 2130 pedibus
1405 2030 1641 2105 fatisci
1669 2064 1688 2101 e
1749 2045 1903 2106 tam
1960 2030 2189 2105 solem
2246 2031 2607 2104 torridum
2666 2028 2871 2102 facile
2906 2084 2931 2123 ,
2994 2054 3215 2131 quam

1047 2146 1250 2220 diem
1269 2176 1592 2223 serenum
1629 2150 1807 2222 ferre
1835 2183 1855 2219 ε
1908 2149 2280 2250 puluerem
2313 2151 2725 2223 consertum
2764 2176 2907 2249 pro
2938 2149 3215 2221 nebulis

1049 2268 1205 2367 pati
1226 2302 1246 2339 ε
1271 2270 1616 2343 sudorem
1641 2270 1713 2343 in
1739 2273 1990 2363 armis,
2021 2289 2099 2343 ut
2126 2273 2193 2344 in
2220 2271 2547 2363 ludicris,
2590 2270 2887 2369 insuper
2914 2269 3214 2343 habere:

1047 2404 1272 2488 caput
1295 2408 1626 2492 apertum
1651 2389 1684 2452 4
1704 2394 1843 2467 soli
1869 2410 1941 2467 et
1962 2394 2321 2467 imbribus
2344 2408 2423 2466 et
2441 2390 2767 2489 grandini
2790 2409 2861 2466 et
2886 2392 3211 2484 niuibus,

1047 2511 1386 2586 omnibus
1447 2514 1723 2587 artibus
1784 2530 1939 2589 tum
1972 2514 2358 2614 praecipue
2421 2516 2521 2587 rei
2576 2512 2875 2587 militari
2936 2512 3210 2589 desidia

1041 2630 1262 2704 noxia
1283 2649 1436 2707 est.
1491 2636 1632 2713 Per
1669 2692 1690 2709 .
1736 2692 1755 2707 .
1786 2649 1898 2711 est
1926 2692 1943 2708 .
1988 2692 2007 2707 .
2038 2634 2349 2737 experiri
2380 2648 2455 2707 et
2482 2692 2499 2706 .
2539 2690 2557 2705 .
2590 2632 2859 2709 milites
2898 2636 2985 2709 in
3020 2662 3211 2711 eam·

1169 2866 1203 2899 ⁴²
1248 2870 1342 2937 M
1376 2868 1797 2959 Uituperetio
1844 2874 2140 2963 syriatici
2186 2877 2511 2941 exercitus
2560 2874 2861 2963 corrupti
2903 2924 2924 2940 .

1147 3108 1187 3139 a
1219 3092 1278 3141 In
1317 3092 1392 3142 his
1427 3092 1615 3143 lacuni-
1648 3110 1811 3161 pnuca
1850 3098 1999 3153 uerba
2034 3098 2285 3161 perierunt
2304 3130 2316 3143 .
2390 3096 2422 3146 b
2460 3098 2519 3147 In
2552 3098 2771 3166 margine
2816 3110 3103 3149 canentes.

1071 3242 1076 3250 .
1134 3210 1156 3247 ι
1205 3188 1420 3247 Confer
1454 3192 1531 3249 ad
1567 3192 1701 3253 Ver.
1724 3192 1863 3271 imp.
1904 3214 1993 3271 ep.
2018 3194 2064 3255 1.
2156 3216 2238 3252 xi.
2275 3214 2441 3270 sqq.;
2478 3214 2549 3252 ne
2582 3192 2841 3251 Africani
2880 3197 3059 3271 apud
3100 3203 3204 3273 Ap-

1041 3290 1102 3349 p.
1134 3270 1263 3329 183.
2154 3276 2425 3353 pinnum,
2448 3290 2503 3335 et
2540 3276 2757 3333 Metelli
2802 3280 2973 3354 apud
3004 3270 3205 3337 'Sallu-

1124 3374 1156 3413 α
1219 3358 1435 3413 Confer
1479 3356 1717 3423 Liuium
1766 3380 1949 3417 xxm.
1998 3358 2067 3415 18
2150 3361 2357 3431 stium,
2392 3358 2811 3435 descriptiones
2846 3382 3205 3419 commemo-

1041 3434 1120 3493 de
1153 3439 1356 3497 Poenis
1389 3439 1468 3498 ad
1497 3444 1799 3517 Capuam5
1842 3443 2070 3520 Diony·
2152 3464 2275 3500 rem
2300 3486 2313 3499 .
2346 3446 2603 3518 (Confer
2622 3443 2801 3500 etiam
2836 3446 3205 3503 frontonem

1039 3518 1188 3576 sium
1220 3519 1337 3577 hal.
1374 3521 1436 3579 in
1486 3520 1621 3581 hist.
1658 3524 1865 3599 fragm.
1892 3546 2059 3582 xnu-
2144 3528 2223 3583 ed
2250 3530 2383 3583 Ver.
2422 3547 2513 3602 ep.
2542 3530 2583 3583 t.
2606 3546 2649 3602 p
2714 3526 2872 3595 ¹84)
2922 3528 3126 3597 {gitur
3154 3544 3203 3585 et

1051 3622 1116 3660 ια
1149 3602 1226 3659 de
1247 3602 1435 3663 Gallis
1469 3603 1529 3661 in
1564 3626 1707 3683 egro
1742 3608 1978 3667 albano.
2148 3611 2368 3665 Fronto
2432 3608 2587 3667 hanc
2650 3608 2761 3667 sibi
2830 3608 2979 3667 boni
3038 3611 3201 3667 ducis

1121 3685 1156 3742 3
1203 3691 1366 3759 Quae
1414 3690 1676 3764 sequitur
1746 3690 2064 3767 descriptio
2148 3692 2459 3769 imaginem
2480 3692 2677 3749 deesse
2694 3691 2886 3750 noluit
2912 3718 2933 3761 3
2992 3714 3205 3769 qnam·

1035 3764 1176 3824 honi
1210 3768 1602 3848 laboriosique
1630 3774 1796 3831 ducis
1832 3773 2062 3831 uidetur
2149 3796 2354 3851 quam,
2398 3789 2463 3831 ut
2484 3775 2683 3833 uerbis
2714 3774 3017 3835 Lactantii
3036 3792 3201 3845 utar,

1037 3850 1275 3924 quidam
1310 3855 1622 3915 communia
1653 3855 1819 3915 locus
1850 3856 1909 3913 in
1942 3876 2057 3933 quo
2142 3857 2327 3916 leonis
2360 3856 2638 3917 laudibus
2672 3880 2895 3915 murem
2946 3878 3073 3915 non
3110 3882 3203 3917 or-

1034 3932 1298 3993 historici
1332 3958 1509 4015 aeque
1538 3959 1608 3999 ac
1655 3938 1917 3997 rhetores
1950 3961 2065 4017 pro
2136 3942 2305 3997 nauit
2341 3940 2444 3999 sed
2464 3940 2663 3999 obruit
2696 3956 2753 3999 et
2786 3942 3075 3999 obtriuit.
3112 3946 3203 4001 Sic

1033 4032 1138 4072 suo
1158 4016 1328 4076 libito
1350 4020 1815 4080 exsultauerunt.
1854 4025 1951 4081 Sic
1968 4024 2066 4083 ni—
2146 4024 2303 4100 apud
2334 4026 2651 4083 Lucianum
2688 4045 2811 4101 αφ.
2846 4046 2931 4083 xv
2968 4030 3201 4103 Crepe-

1033 4096 1246 4190 mirum
1297 4100 1555 4181 loquitur
1615 4106 1688 4163 de
1740 4106 2067 4165 Hannibale
2150 4108 2269 4165 rius
2304 4107 2445 4165 belli
2469 4106 2723 4186 parthici
2745 4106 3047 4183 scriptor,
3086 4130 3197 4165 non

1032 4180 1234 4237 Liuius
1256 4204 1381 4241 xxi.
1405 4192 1458 4256 43
1483 4188 1821 4245 deTrainno
1844 4190 2064 4247 Plinius
2144 4190 2327 4249 uerba
2374 4191 2561 4249 solum
2608 4212 2639 4247 a
2676 4190 3035 4262 Thucydide
3090 4194 3197 4251 sed

999 4276 1239 4340 ’panegn
1277 4285 1402 4345 cap.
1441 4292 1581 4329 111¹.
1604 4290 1729 4347 sqq.
1749 4272 1863 4341 3‘de
1892 4273 2069 4331 Iulia-
2148 4294 2241 4333 res
2270 4270 2443 4330 etiam
2478 4286 2771 4331 mutuatus
2790 4273 3049 4331 dicitur.

1030 4363 1110 4405 no
1144 4350 1517 4415 Mamertinus
1551 4354 1787 4434 gratian
1810 4368 1921 4417 act.
1937 4358 2061 4435 αρ’.
2250 4362 2285 4427 4
2348 4358 2726 4441 Ρτιεοερῑιψι
2818 4356 3191 4437 platonicum
