3384 5134
965 489 1278 544 ιιιιι
1363 481 1402 540 ι
2214 465 2267 554 3

637 729 734 778 ιι.
800 729 1105 782 cAnsAru
1185 731 1320 780 suo
1391 729 1682 782 raon-ro
1720 757 1740 778 .

321 947 432 1023 Tu
463 1001 488 1042 ‚
539 945 804 1021 Cacsar
830 1002 854 1042 .‚
895 950 1346 1021 Frontonem
1392 949 1618 1021 istum
1665 961 1875 1022 tuum
1922 949 2071 1024 sine
2122 953 2261 1028 fine

136 1091 312 1142 amas
340 1124 363 1163 .‚
417 1068 548 1142 uix
601 1081 685 1142 ut
732 1067 868 1140 tibi
903 1067 1184 1167 homini
1225 1067 1747 1142 facundissimo
1802 1070 2019 1144 uerba
2059 1073 2263 1147 suffi-

135 1191 312 1262 ciant
343 1189 438 1262 ad
503 1190 1082 1292 expromendum
1123 1215 1446 1262 amorem
1482 1205 1687 1264 tuum
1725 1207 1798 1264 et
1850 1191 2267 1267 beniuolen-

133 1311 289 1382 tiam
323 1309 832 1386 declarandam
863 1365 880 1382 .
935 1311 1134 1403 Quid
1158 1366 1181 1405 .‚
1221 1337 1354 1385 oro
1388 1326 1458 1384 te
1487 1369 1510 1406 .,
1551 1313 1980 1386 fortunatius
2006 1370 2031 1409 .,
2084 1313 2265 1414 quid

132 1453 236 1500 me
271 1455 414 1501 uno
443 1429 726 1505 beatius
763 1457 914 1504 esse
944 1424 1248 1531 potest?
1279 1429 1373 1504 ad
1409 1458 1627 1532 quem
1662 1447 1742 1505 tu
1772 1449 1921 1506 tam
1958 1433 2261 1530 fraglan-

133 1560 226 1622 tes
257 1563 288 1596 ὃ
317 1549 589 1624 litteras
613 1551 849 1625 mittis
878 1607 897 1622 .
923 1551 1116 1643 Quin
1139 1551 1386 1646 etiam,
1418 1553 1618 1653 quod
1647 1569 1759 1626 est
1786 1567 2199 1628 amatorum
2222 1547 2261 1604 ¹²

129 1672 520 1771 proprium,
551 1698 832 1746 currere
861 1672 952 1744 ad
983 1697 1103 1745 me
1133 1672 1242 1745 uis
1270 1687 1344 1745 et
1367 1671 1618 1746 uolare
1645 1729 1663 1744 .
1697 1673 1895 1747 Solet
1920 1701 2079 1747 mea
2104 1675 2260 1748 Do-

129 1791 312 1864 mina
343 1819 604 1894 parens
641 1807 764 1865 tua
793 1791 1162 1866 interdum
1192 1794 1366 1867 ioco
1401 1795 1645 1868 dicere
1673 1849 1698 1888 .,
1741 1820 1815 1866 se
1848 1795 2031 1866 mihi
2058 1793 2263 1893 quod

129 1935 164 1980 a
193 1921 258 1981 te
289 1925 494 1984 tanto
537 1937 756 2012 opere
787 1909 1040 2009 diligar
1068 1911 1390 1986 inuidere
1417 1969 1436 1983 .
1490 1912 1688 2003 Quid
1714 1925 1745 1960 ⁰
1774 1913 1835 1984 si
1867 1911 2039 1985 istas
2070 1910 2265 1985 litte-

131 2055 230 2104 ras
269 2047 426 2104 tuas
469 2028 717 2128 legerit
750 2023 792 2105 ’.Ρ
822 2029 1082 2132 quibus
1119 2031 1384 2130 pedem
1419 2031 1640 2104 etiam
1666 2057 1807 2132 pro
1847 2028 2069 2104 salute
2099 2057 2265 2105 mea

125 2153 304 2225 notis
337 2151 656 2226 aduocas
690 2167 763 2225 et
793 2152 1112 2254 precaris
1134 2145 1176 2201 ‘¹
1206 2156 1225 2227 !
1273 2155 1338 2225 Ο
1371 2177 1492 2225 me
1527 2153 1821 2226 beatum
1852 2156 1871 2226 Ξ
1924 2168 2040 2225 ort
2068 2208 2089 2224 .
2121 2208 2139 2223 .
2173 2211 2192 2225 .
2225 2167 2257 2202 θ

125 2271 714 2346 commendatum
746 2278 765 2346 !
809 2275 1028 2348 Putas
1064 2299 1153 2347 ne
1189 2270 1380 2346 ullus
1417 2271 1638 2344 dolor
1657 2285 2039 2372 penetrare
2078 2273 2273 2348 sciat.

123 2419 388 2494 corpus
423 2408 550 2466 aut
581 2393 906 2468 animum
933 2421 1184 2468 meum
1206 2387 1249 2469 ’.Ρ
1284 2421 1456 2495 prae
1496 2407 1699 2466 tanto
1732 2392 1989 2490 gaudio
2015 2401 2262 2494 prosi-

125 2517 384 2590 luerim
417 2507 450 2562 s
465 2571 486 2586 .
519 2515 720 2588 Babe
753 2524 791 2579 8
821 2539 952 2588 nec
991 2513 1208 2587 doleo
1245 2513 1395 2587 iam
1428 2515 1819 2614 quicquam
1855 2505 1899 2601 ¹?
1928 2570 1947 2585 .
1992 2516 2200 2589 Babe
2230 2569 2257 2610 ,

125 2637 370 2710 Caesar
397 2694 424 2732 .,
457 2637 672 2735 uigeo
702 2693 726 2732 .,
761 2635 964 2711 ualeo
995 2693 1019 2732 .,
1059 2636 1308 2711 exulto
1339 2694 1363 2733 .,
1402 2663 1550 2737 quo
1591 2639 1701 2712 uis
1738 2638 2025 2711 veniam
2049 2696 2070 2734 .‚
2111 2665 2257 2739 quo
2337 2694 2346 2703 .

123 2756 224 2830 uis
255 2782 550 2831 curram
573 2813 592 2828 .
648 2755 878 2830 Crede
913 2757 1114 2831 istud
1145 2757 1368 2854 mihi,
1418 2771 1612 2831 tanta
1643 2785 1762 2833 me
1791 2757 2063 2832 laetitia
2094 2787 2261 2861 per-

125 2877 352 2952 fusum
375 2936 400 2975 .,
441 2893 534 2952 ut
567 2878 958 2952 rescribere
993 2879 1132 2953 tibi
1161 2879 1338 2955 ilico
1367 2907 1516 2953 non
1549 2881 1915 2981 potuerim
1941 2913 1962 2950 ε
1988 2879 2113 2952 sed
2145 2905 2267 2954 eas

125 2998 406 3098 quidem
456 2998 734 3072 litteras
774 3053 799 3092 ‚
864 3023 1038 3100 quas
1087 2997 1182 3071 ad
1221 2999 1546 3100 priorem
1607 2997 1995 3102 epistulam
2064 3013 2268 3098 tuam

128 3117 260 3189 iam
294 3118 818 3218 rescripseram
837 3173 860 3214 ,
896 3117 1147 3191 dimisi
1177 3117 1272 3192 ad
1303 3133 1374 3192 te
1399 3149 1426 3212 ε,
1453 3131 1861 3219 sequentem
1890 3131 2131 3189 autem
2164 3132 2271 3192 ta-

127 3237 496 3314 bellarium
533 3240 844 3334 retinui,
877 3266 1028 3340 quo
1063 3267 1154 3314 ex
1191 3239 1448 3338 gaudio
1481 3231 1981 3339 resipiscerem
2010 3293 2029 3308 .
2068 3239 2275 3311 Ecce

129 3385 262 3435 nox
293 3360 672 3464 praeteriit
700 3416 725 3455 ‚
778 3360 932 3434 dies
987 3359 1110 3434 hic
1157 3374 1269 3434 est
1315 3363 1512 3436 alter·
1560 3374 1642 3432 et
1679 3385 1919 3459 prope
1971 3369 2267 3430 exactus

127 3495 264 3553 est.
314 3481 596 3556 Nescio
629 3480 805 3584 quid
838 3495 962 3554 aut
996 3477 1618 3581 quemadmodum
1648 3477 2049 3552 rescribam
2083 3477 2218 3551 tibi
2245 3533 2267 3550 .

127 3597 306 3688 Quid
357 3605 569 3677 enim
628 3628 760 3702 ego
817 3627 1125 3703 possum
1163 3600 1547 3676 iucundius
1573 3656 1598 3697 .,
1647 3597 1827 3700 quid
1880 3597 2211 3672 blandius
2238 3655 2267 3694 ‚

127 3719 288 3818 quid
311 3715 747 3798 anian‘tius?
795 3721 1170 3795 Scribsisti
1209 3721 1391 3794 mihi
1425 3712 1444 3767 i
1595 3723 1699 3793 Et
1736 3718 2007 3818 gaudeo
2062 3719 2267 3822 quod

125 3837 468 3937 ingratum
527 3869 650 3918 me
678 3897 703 3938 ‚
737 3855 814 3918 et
841 3839 1258 3918 reserandae
1288 3840 1547 3939 gratiae
1597 3841 1959 3942 imparem
1991 3840 2209 3914 facias
2235 3895 2267 3938 ,

183 4071 222 4104 e
253 4059 328 4109 In
363 4059 486 4110 cod.
563 4058 596 4110 l
630 4061 709 4110 In
739 4056 1004 4130 legendum
1043 4073 1166 4126 puto
1191 4094 1206 4116 .
1240 4057 1427 4110 schedio
1459 4059 1690 4126 impacti·
1716 4091 1729 4105 .
1798 4074 1831 4107 c
1866 4054 1987 4108 cod.
2027 4057 2169 4125 qnod
2188 4089 2207 4105 .

127 4121 160 4172 ἆ
177 4125 626 4198 canipe-neemiae:
643 4133 714 4180 cic
731 4147 1002 4182 constanter
1013 4135 1062 4185 in
1087 4131 1256 4182 codice
1275 4127 1739 4198 scribitnrpraecarl
1756 4141 2015 4195 etpraeces
2028 4161 2042 4176 .
2097 4145 2124 4176 e
2146 4131 2263 4194 Spa-

129 4197 242 4246 dm..
259 4217 442 4266 ’eptem
469 4197 576 4253 fere
595 4201 864 4254 htternmm
881 4237 894 4250 .
949 4197 1226 4274 fSpatium
1245 4219 1409 4252 rursu·
1431 4201 1629 4254 totidem
1643 4199 1743 4249 fere
1763 4199 2031 4249 litterarum
2049 4234 2064 4247 .
2129 4216 2169 4268 g
2188 4201 2265 4252 Iu

131 4265 226 4317 ⁰⁹⁴¹·
239 4285 333 4338 pto
355 4271 528 4325 babae
553 4307 571 4323 .
627 4275 664 4324 1·
684 4271 900 4326 schedae
915 4289 1218 4344 quamquam
1236 4307 1253 4325 .
1307 4273 1328 4322 ἱ
1363 4274 1549 4344 supple
1568 4289 1682 4323 octo
1704 4272 1895 4322 circiter
1911 4270 2091 4321 limera·
2104 4301 2121 4318 .
2248 4283 2259 4305 ³

2461 1027 2475 1062 l
