3384 5134
1042 507 1129 564 vr

1045 623 1225 688 tum
1275 579 1915 688 romanae-lucis
1958 593 2430 686 emerserint
2464 643 2489 708 ς
2554 598 3011 720 eademque
3042 623 3136 688 ut

1042 775 1347 830 nomen
1391 763 1630 828 tuum
1661 801 1689 847 ,
1738 764 1859 828 tot
1924 744 2085 828 iam
2152 743 2707 837 monumentis
2768 763 3138 826 aeternae

1045 883 1319 970 laudis
1350 886 1952 998 incisum,prae
1984 915 2069 970 se
2102 882 2317 970 ferre
2351 885 2829 970 meruerint.
2860 881 3139 996 Quip-

1039 1054 1148 1141 pe
1179 1025 1313 1109 hic
1362 1045 1483 1108 est
1515 1025 1660 1108 ·M·
1698 1019 2080 1110 Aurelius
2125 1025 2931 1138 princepsiomnium
2995 1022 3137 1104 in-

1045 1160 1725 1279 dulgentissimus
1750 1222 1779 1264 ‚
1812 1183 1893 1247 et
1925 1184 2111 1247 tuae
2144 1161 2611 1249 clementiae
2643 1161 3137 1261 simillimuS,

1045 1306 1195 1419 qui
1228 1323 1516 1388 cuncta
1551 1298 1823 1388 officia
1856 1303 2381 1387 humanitatis
2410 1315 2730 1416 semper
2756 1329 3139 1414 exprom-

1041 1444 1250 1556 psit3
1298 1445 1447 1559 qui
1479 1445 1895 1528 neminem
1960 1443 2433 1551 mortalem,
2495 1465 2696 1529 teste
2728 1439 3141 1526 Herodia-

1041 1611 1201 1685 n0,
1235 1611 1280 1664 a
1314 1612 1398 1667 se
1415 1576 1813 1700 umquam
1846 1584 2131 1696 repelli
2169 1586 2398 1689 sivit,
2426 1581 2685 1667 immo
2720 1607 3138 1699 quemque

1045 1717 1487 1805 adeuntem
1520 1745 1890 1833 porrecta
1926 1723 2195 1808 dextra
2232 1722 2553 1837 placide
2580 1720 2933 1835 excepit.
2979 1721 3139 1804 Hic

1041 1879 1168 1944 est
1213 1861 1360 1976 qui
1437 1857 2078 1948 benivolentiam
2110 1894 2340 1950 suam
2372 1923 2401 1968 ‚
2448 1895 2612 1982 qua
2657 1861 2812 1947 diu
2844 1883 3141 1947 noctu·-

1038 2028 1207 2116 que
1240 1995 1594 2110 publicis
1631 2001 2119 2088 utilitatibus
2154 2001 2675 2123 invigilabat,
2708 2023 3136 2114 tantopere

1041 2157 1409 2224 testatam
1452 2138 1763 2246 voluit,
1810 2163 1961 2246 ut,
2008 2141 2484 2228 observante
2541 2143 2819 2226 Dione
2851 2200 2879 2246 ,
2924 2163 3139 2224 tem·

1037 2276 1276 2391 plum
1310 2282 1676 2365 nominis
1714 2281 2119 2388 inauditi,
2157 2282 2356 2368 deae
2393 2279 2771 2370 videlicet
2801 2277 3140 2367 Benefi-

1039 2418 1352 2502 centiae
1399 2475 1427 2521 ‚
1496 2419 1582 2502 in
1661 2419 2082 2534 Capitolio
2171 2424 2635 2509 excitaverit
2680 2488 2702 2507 .
2782 2421 2914 2507 Eo
2995 2451 3143 2506 re·—

1035 2578 1335 2672 gnante
1398 2557 1490 2641 id
1537 2559 1780 2645 facile
1846 2533 2225 2678 contigit,
2274 2561 2509 2679 quod
2558 2561 2943 2678 politicus
2990 2559 3144 2644 Ci-

1035 2725 1230 2780 cero
1311 2699 1618 2808 optavit
1648 2757 1676 2803 ,
1742 2729 2039 2811 nempe
2122 2721 2215 2784 ut
2277 2700 2581 2802 virtute
2628 2698 3139 2816 gubernante

1037 2866 1292 2950 remp.
1341 2835 1543 2920 nihil
1622 2860 1896 2950 posset
1944 2869 2116 2926 esse
2162 2839 2715 2953 praeclarius:
2782 2840 2932 2922 nec
2966 2867 3139 2918 non

1034 2971 1254 3057 illud
1301 2973 1671 3061 Platonis
1705 2977 2106 3089 placitum
2139 3039 2167 3083 ,
2232 3001 2325 3063 ut
2368 3001 2547 3062 tum
2584 2978 2945 3092 denique
2978 2975 3141 3056 sso-

915 3146 922 3154 ·
1037 3135 1252 3198 reret
1297 3117 1574 3201 civitas
1601 3175 1628 3222 ,
1690 3147 1887 3212 cum
1951 3118 2084 3204 vel
2128 3117 2671 3231 philosophus
2706 3119 3139 3228 imperaret

1036 3253 1171 3370 vel
1217 3287 1360 3342 rex
1423 3240 2196 3372 philosopharetur,
2264 3257 2489 3344 Talis
2568 3288 2721 3374 ego
2817 3257 3173 3344 romani.

1041 3399 1436 3511 principis
1509 3397 1615 3482 ad
1677 3403 1859 3507 Te,
1923 3427 2352 3488 Ponrlrssx
2426 3424 2819 3500 ΜΑΧιΜΕ,
2886 3423 3139 3478 novas

1037 3531 1348 3621 litteras
1421 3536 1746 3649 perfero
1798 3605 1823 3625 .
1887 3541 2059 3624 Iam
2124 3561 2202 3625 et
2298 3561 2630 3623 mutuae
2693 3539 3142 3626 Frontonis

1019 3671 1350 3758 litterae
1394 3734 1423 3780 ,
1472 3677 1560 3758 in
1595 3676 2025 3764 codicibus
2090 3709 2351 3796 aeque
2412 3680 2929 3789 tuis-partim
3009 3709 3145 3762 re—

1027 3833 1310 3924 pertae
1342 3873 1371 3918 ,
1415 3814 1544 3899 vel
1595 3847 1694 3901 eo
1766 3818 2099 3900 nomine
2146 3817 2346 3903 Tibi
2392 3814 2803 3902 iucundae
2837 3835 3081 3900 erunt
3112 3873 3143 3920 ,

1032 3950 1270 4068 quod
1329 3973 1602 4038 tantus
1653 3954 1795 4040 ille
1862 3957 2303 4070 imperator
2336 3986 2432 4042 ex
2494 3954 2734 4038 huius
2768 3953 3141 4069 magistri

1032 4094 1159 4174 sui
1205 4090 1435 4177 fonte
1481 4093 1910 4180 doctrinae
1974 4129 2066 4183 ac
2111 4077 2655 4182 consiliorum
2718 4061 3076 4179 mfanavit
3110 4158 3135 4179 .

1035 4227 1251 4318 Sunt
1339 4252 1650 4318 autem·
1710 4235 2349 4353 qualiacumque
2440 4237 2770 4325 inventa
2858 4235 3054 4320 haec
3112 4287 3144 4337 2
