3384 5134
959 437 1006 492 ι
1033 444 1060 493 ι
1089 445 1126 494 s
1159 445 1202 492 ι
1231 445 1276 492 ιι
1381 444 1410 490 ι
2167 411 2269 502 ’13

131 537 312 627 Quot
339 551 374 586 ⁸
407 536 690 612 litterae
722 538 941 610 istae¹
971 554 1176 634 sunt,
1211 537 1522 612 totidem
1559 535 1975 613 consulatus
2014 539 2199 613 mihi
2237 599 2267 638 ,

133 657 422 730 totidem
449 657 727 732 laureas
753 714 778 752 .‚
809 661 1222 761 triumphos
1248 716 1271 754 ,
1299 675 1500 758 togas
1531 659 1767 757 pictas
1797 673 1828 744 3
1856 717 1879 758 ‚
1908 658 2221 734 arbitror
2247 716 2269 733 .

131 776 522 874 contigisse
573 777 749 877 quid
796 776 933 852 tale
973 781 1104 852 ·M·
1147 779 1414 851 Porcio
1444 834 1469 873 ,
1505 793 1632 851 aut
1663 780 1938 871 Quinto
1980 761 2275 877 Ennio]

125 914 232 970 aut
271 899 392 969 ·C·
437 899 780 973 Graccho
808 955 832 996 .,
881 912 1007 972 aut
1037 900 1236 973 Titio
1289 913 1546 1000 poetae
1581 890 1617 948 3
1655 891 1699 973 ’ἶ
1743 899 1921 998 quid
1977 900 2273 999 Scipio-

125 1018 193 1088 ni
217 1073 238 1111 ‚
295 1031 426 1090 aut
457 1019 864 1092 Numidico
893 1012 935 1093 ?
987 1019 1166 1120 quid
1205 1022 1334 1093 ·M·
1369 1018 1614 1094 Tullio
1673 1018 1812 1092 tale
1876 1009 2276 1096 usuuenit2

125 1167 434 1240 quorum
483 1141 660 1214 libri
714 1141 1180 1242 pretiosiores
1227 1141 1580 1216 habentur
1605 1157 1683 1216 et
1715 1165 2083 1217 summam
2118 1139 2276 1237 glo-

129 1263 302 1334 riam
353 1263 664 1338 retinent
691 1321 714 1360 ,
765 1267 826 1338 si
878 1279 1046 1338 sunt
1069 1294 1119 1338 a
1153 1257 1192 1314 ¹³
1225 1263 1717 1364 Lampadione
1772 1278 1897 1358 aut
1946 1263 2271 1337 Staberio

128 1399 242 1457 aut
275 1443 294 1456 .
332 1443 352 1458 .
390 1441 412 1457 .
447 1401 480 1435 ¹²
511 1387 590 1458 ui
623 1398 754 1458 aut
796 1379 1118 1487 [Tirone
1147 1381 1182 1488 ]
1223 1400 1347 1460 aut
1379 1386 1590 1461 Aelio
1743 1378 1931 1459 daut
1960 1386 2215 1460 Attico
2244 1441 2273 1480 ‚

127 1519 240 1577 aut
273 1507 562 1606 Nepote
587 1501 625 1564 4
653 1561 672 1575 .
721 1507 876 1578 Mea
937 1507 1174 1579 oratio
1203 1506 1486 1580 extabit
1543 1508 2025 1590 ·M·.Caesaris
2058 1531 2279 1580 manu

131 1627 392 1726 scripta
419 1681 438 1696 .
491 1627 684 1698 Nam
731 1623 1068 1727 pleraque
1129 1625 1430 1726 propria
1487 1643 1852 1703 uenustate
1911 1629 2220 1700 carentia
2246 1681 2273 1721 .‚

131 1749 424 1844 gratiam
461 1749 602 1821 sibi
649 1747 953 1822 alienam
981 1757 1322 1822 mutuant
1342 1761 1373 1796 Β
1399 1805 1418 1822 .
1467 1751 1612 1841 Qui
1646 1752 2051 1826 orationem
2080 1775 2279 1849 spre-

131 1869 306 1940 uerit
329 1923 354 1962 ,
380 1868 660 1941 litteras
698 1867 1208 1968 concupiscet3
1247 1870 1372 1970 qui
1403 1871 1676 1970 scripta
1704 1869 2221 1969 contempserit
2246 1923 2273 1964 ‚

133 1987 558 2062 scribtorem
589 1986 1028 2094 renel-ebitur
1057 2045 1076 2061 .
1113 1991 1224 2062 Ut
1255 1991 1316 2063 si
1339 1989 1626 2064 simiam
1649 2006 1777 2064 aut
1803 1990 2100 2089 uolpem
2136 2015 2272 2089 ap·-

131 2107 346 2206 pelles
379 2163 400 2178 .
432 2165 452 2180 .
480 2166 498 2180 .
524 2101 553 2156 f
583 2124 684 2182 tet
712 2109 976 2184 bestiae
1108 2119 1145 2175 8
1176 2111 1499 2211 pretium
1521 2111 1815 2186 adderet
1842 2167 1861 2182 .
1894 2113 2050 2184 Aut
2075 2108 2275 2210 quod

137 2227 876 2304 ·M·Catode...'
1331 2269 1340 2276 ·

192 2453 230 2484 α
259 2434 386 2484 Cod-
407 2435 544 2504 quod
563 2469 578 2484 ·
648 2435 680 2488 b
712 2436 1007 2506 Prnqaooitio
1037 2439 1293 2508 suppletur
1315 2460 1344 2492 ι
1374 2459 1456 2491 me
1474 2475 1488 2489 .
1558 2459 1588 2490 e
1623 2440 1815 2508 supple
1832 2425 2045 2508 quatuor
2060 2431 2161 2484 fere
2180 2429 2275 2485 lit-a
2386 2458 2395 2469 ι

129 2519 248 2556 tem
270 2539 284 2554 .
351 2506 394 2556 d
425 2509 616 2574 Supple
653 2509 780 2558 dnos
811 2528 980 2561 uersus
1018 2528 1133 2559 cum
1174 2511 1374 2563 dimidio
1395 2548 1408 2561 .
1478 2529 1506 2560 e
1539 2512 1757 2570 fronto,
1800 2510 1879 2562 uel
1914 2510 2081 2576 potius
2112 2523 2275 2560 vocor·

133 2581 424 2628 aman-semis
445 2582 628 2646 repetit
642 2579 938 2631 medonem
975 2581 1124 2648 paulo
1145 2600 1255 2634 ante
1272 2587 1324 2633 in
1356 2584 1450 2634 hac
1471 2583 1678 2650 epistula
1698 2585 1927 2650 scriptam
1946 2615 1961 2630 0
2018 2577 2069 2654 f
2090 2577 2278 2646 suppl·

135 2662 224 2699 tres
247 2649 344 2700 fere
377 2649 600 2710 litera.
671 2669 711 2722 ς
745 2653 934 2722 supple
963 2669 1148 2722 septem
1187 2653 1291 2705 fece
1323 2653 1508 2706 littam
1540 2688 1554 2702 .

217 2847 238 2881 ι
285 2824 576 2902 Intelligit
636 2825 988 2906 scripturam
1057 2827 1156 2882 -Μ-
1325 2827 1360 2897 4
1403 2826 1724 2906 Lampadio
1758 2825 1945 2884 'Ennii
2012 2824 2275 2884 codicem

140 2905 380 2977 Aurelii,
417 2909 522 2986 qui
557 2909 982 2968 frontonianam
1034 2929 1162 2986 ora-
1243 2910 1574 2968 emendatnit
1604 2956 1622 2981 ,
1675 2910 1995 2986 Naeuiique
2047 2909 2275 2966 bellum

141 2990 336 3049 tionem
371 3013 554 3050 manu
586 3012 688 3050 sua
741 2993 1152 3069 descripserat.
1239 2993 1518 3070 punicum
1551 2995 1614 3050 in
1631 2993 1815 3050 libros
1837 2991 2073 3060 diuisit,
2108 2989 2267 3048 Gell.

209 3093 240 3132 2
285 3079 457 3154 Lege,
476 3073 532 3132 si
553 3088 746 3148 uacat,
788 3077 862 3134 de
878 3073 971 3132 his
989 3094 1162 3132 orna·
1243 3095 1430 3133 xvnu.
1467 3073 1541 3144 5,
1576 3079 1808 3134 Sueton.
1848 3075 1922 3132 de
1964 3071 2055 3128 ill.
2092 3091 2275 3147 gram.

139 3151 280 3212 tibus
323 3156 763 3217 Cassiodoriutn
807 3179 930 3217 nar.
965 3178 1056 3216 vi.
1103 3178 1150 3215 1.
1236 3159 1310 3216 ll.
1348 3155 1644 3218 Staberius
1693 3161 1937 3216 Brutum
1980 3155 2275 3212 cassium-

213 3237 248 3296 3
283 3241 590 3302 &Titium
623 3252 859 3320 poetam
875 3237 1044 3298 Marii
1065 3259 1158 3296 ae·-
1239 3261 1350 3318 que
1385 3239 1624 3309 docuit,
1657 3241 1891 3298 Sueten.
1939 3235 2085 3293 ibid.
2130 3257 2275 3293 1111.

141 3321 351 3394 qualem
382 3339 672 3384 memorat
703 3324 825 3384 Cic.
845 3325 1149 3382 Brut-xtv.
1235 3323 1438 3381 Aelius
1471 3321 1755 3384 orationes
1789 3319 2086 3379 nobilibus
2114 3317 2275 3398 ,uiris
2328 3385 2335 3391 .

139 3403 532 3468 Recentiorem
579 3407 791 3477 alium,
826 3427 1034 3483 nempe
1066 3405 1152 3464 sui
1236 3405 1528 3465 scribebat
1561 3451 1580 3477 ‚
1615 3406 1761 3464 ibid.
1798 3407 1885 3464 Ill
1905 3447 1925 3474 ‚
1961 3415 2017 3458 et
2048 3398 2170 3458 Cic.
2206 3399 2271 3458 in

139 3491 400 3564 temporis
433 3535 452 3562 ,
525 3489 870 3569 Septimium
926 3490 1148 3547 Titium
1229 3493 1388 3546 Brut.
1422 3507 1586 3549 nvi.
1619 3491 1813 3568 Nepos
1848 3481 2145 3547 Ciceronis
2175 3482 2271 3539 sa-

139 3585 352 3642 poetam
383 3573 668 3633 Horatius
718 3573 886 3652 epist.
940 3572 1046 3630 lib.
1100 3573 1147 3630 l.
1231 3572 1510 3640 miliaris,
1547 3571 1702 3632 Gell.
1746 3592 1849 3630 xv.
1887 3570 1981 3629 28.
2034 3565 2271 3625 Tironis

143 3649 194 3707 3-
214 3671 249 3726 9
261 3684 278 3724 3
309 3655 406 3714 ubi
444 3671 616 3717 uetus
649 3657 938 3736 interpres
973 3657 1144 3714 docet
1228 3669 1291 3713 et
1335 3655 1516 3713 Attici
1557 3675 1725 3712 curae
1748 3655 1898 3712 circa
1931 3652 2147 3727 scripta
2164 3651 2271 3710 Ci-

141 3751 258 3792 eum
287 3739 466 3814 lyrica
521 3741 778 3802 carmina
825 3754 880 3798 et
917 3754 1149 3815 tragoe-
1237 3738 1458 3798 cer-onis
1490 3739 1821 3796 notissimae
1864 3749 2028 3796 sunt.
2050 3739 2136 3791 De
2155 3735 2269 3794 At..

145 3814 258 3874 dias
285 3823 620 3902 scripsisse,
665 3824 898 3899 eiusque
932 3821 1156 3899 insigne
1241 3823 1356 3882 tico
1421 3823 1551 3902 lege
1593 3823 1715 3883 Cic.
1772 3821 1850 3880 ad.
1881 3828 2003 3881 Au.
2040 3840 2171 3880 xvi·
2208 3820 2267 3878 5.

141 3921 562 3969 monumentum
577 3907 732 3968 infra
742 3907 846 3966 Asi
855 3905 1000 3968 eiam
1013 3925 1152 3964 esse.
