3384 5134
867 487 1580 545 'nl-sronlae
2201 470 2353 551 315

195 642 220 659 .
273 640 296 656 .
352 640 374 656 .
421 583 610 685 Ungi
645 640 670 675 .‚
727 582 1047 684 palantes
1083 644 1106 684 .,
1161 590 1364 665 nullo
1423 571 1699 667 itineris
1758 593 2117 671 destinato
2168 598 2355 692 fine,

189 710 340 781 non'
369 705 462 780 ad
491 704 744 779 locum
779 706 904 779 sed
941 706 1036 799 ad
1073 734 1456 809 uesper-um
1492 714 1959 788 contenditur
1981 727 2002 763 ¹
2034 770 2055 785 .
2085 770 2105 787 .
2132 772 2153 789 .
2190 730 2225 765 ²

405 884 425 899 .
485 882 504 899 .
563 880 582 898 .
636 821 1175 925 direptionibus
1231 826 1470 901 clades
1507 829 1933 925 ediderunt,
1988 828 2358 907 latronum

189 950 440 1051 polius
497 974 714 1047 quam
761 944 1088 1022 hostium
1130 973 1434 1021 numero
1471 950 1666 1025 duco
1695 1009 1715 1023 .
1772 951 1922 1027 Soli
1972 952 2357 1029 hominum

195 1068 453 1143 Parthi
507 1067 846 1141 aduersus
907 1066 1266 1167 populum
1328 1096 1715 1146 romanum
1770 1074 2031 1147 hostile
2084 1100 2361 1149 nomen

189 1188 386 1265 haud
449 1216 801 1289 umquam
865 1191 1478 1265 contemnendum
1534 1209 1953 1293 gesserunt2
1982 1252 2001 1269 .
2056 1197 2149 1273 Id
2183 1198 2355 1271 satis

192 1312 644 1385 demonstrat
693 1336 840 1383 non
879 1310 1115 1383 Crassi
1169 1310 1398 1389 modo
1437 1312 1678 1389 clades
1702 1332 1775 1391 et
1808 1298 2111 1393 Antonii
2140 1318 2389 1403 foeda,

193 1431 358 1529 fuga
385 1484 408 1523 .‚
467 1428 592 1501 sed
629 1430 844 1501 etiam
904 1428 1276 1503 fortissimi
1314 1430 1775 1530 imperatoris
1811 1436 2099 1511 Traiani
2126 1436 2355 1513 ductu
2463 1425 2474 1436 ⁵

191 1550 460 1648 legatus
499 1575 671 1623 cum
703 1548 1018 1622 exercitu
1068 1572 1316 1623 caesus
1351 1544 1386 1601 3
1417 1607 1442 1645 .,
1475 1567 1548 1627 et
1577 1555 1936 1655 principis
1968 1558 2062 1631 ad
2086 1560 2357 1633 trium-

187 1672 424 1773 phum
467 1670 874 1744 decedentis
899 1670 1458 1774 haudquaquam
1511 1700 1757 1749 secura
1802 1702 1933 1751 nec
1987 1682 2357 1757 incruenta

189 1794 537 1893 regressio
562 1787 596 1851 4
621 1846 642 1863 .
689 1833 708 1847 .
1485 1782 1500 1813 ¹

402 1912 600 1987 Bella
651 1907 872 2010 igitur
923 1912 1070 1987 duo
1121 1915 1442 1989 maxima
1478 1908 1514 1965 ¹³
1540 1944 1578 1989 a
1613 1916 1911 2004 ,duobus
1946 1920 2283 1997 maximis
2316 1904 2371 1973 ἴ

189 2035 750 2138 imperatoribus
773 2034 1155 2109 aduersum
1201 2036 1508 2111 Parthos
1535 2054 1781 2113 nostra
1816 2044 2357 2143 memoriapari

189 2172 450 2233 euentu
483 2152 742 2229 bellata
789 2154 1218 2228 contendere
1253 2158 1432 2229 inter
1471 2185 1620 2229 sese
1651 2185 1791 2259 pro
1846 2161 2083 2260 copiis
2118 2164 2356 2235 cuius-

190 2304 334 2379 que
369 2276 580 2349 ducis
603 2290 676 2348 et
705 2274 1156 2375 temporibus
1193 2301 1486 2373 pergam
1510 2268 1549 2323 6
1569 2310 1588 2348 ε
1611 2277 1807 2351 haud
1838 2280 2121 2375 ignarus
2142 2308 2179 2375 .·,·
2206 2280 2357 2355 for·
2440 2276 2445 2281 ’

189 2396 474 2469 tissima
537 2395 848 2469 facinora
923 2394 1322 2469 uiuentium
1389 2396 1749 2490 grauatius
1786 2451 1811 2489 .,
1892 2410 2359 2473 mortuorum

191 2518 460 2617 gratius
499 2518 786 2619 accipit
841 2515 1064 2589 fauori
1109 2518 1511 2617 praeteritis
1537 2572 1560 2611 .,
1609 2516 1916 2591 inuideri
1942 2521 2355 2619 praesenti-

269 2730 304 2759 a
338 2706 682 2759 Praecedente·
726 2710 987 2759 sententiae
1033 2706 1297 2775 pleraeque
1360 2724 1497 2757 erant
1549 2707 1602 2757 iu
1657 2710 1876 2779 margine
1913 2726 1932 2771 ς
1986 2726 2100 2761 nam
2155 2712 2364 2779 paginae

196 2783 332 2848 ipone
365 2782 456 2851 legi
507 2795 793 2848 nequeunt.
823 2780 884 2830 Id
927 2798 1070 2842 caepe
1129 2780 1358 2829 usuuenit
1394 2780 1443 2828 in
1497 2778 1593 2827 hoc
1627 2782 1900 2847 opusculo.
1976 2782 2006 2831 b
2044 2786 2357 2833 num-nnus

196 2854 261 2903 nd
296 2853 500 2913 Quintil.
539 2855 579 2903 1.
617 2873 648 2917 7
684 2852 948 2906 obser-nt,
990 2848 1182 2900 Traiani
1221 2868 1343 2899 aeno
1389 2852 1536 2903 ner-ibi
1574 2852 1775 2903 solitum
1810 2854 2066 2905 maximas
2088 2870 2197 2921 ,pro
2230 2870 2361 2904 ma..

196 2942 380 2983 nunus
403 2964 416 2977 .
451 2925 634 2993 Confer
656 2926 884 2991 Longum
925 2938 976 2988 p.
1016 2922 1185 2979 2216,
1231 2922 1472 2971 Scaurum
1507 2940 1560 2991 p.
1601 2928 1757 2990 ²²⁵9·

290 3114 312 3149 ι
365 3093 462 3151 sic
528 3091 650 3149 sere
718 3088 1027 3151 Sallustius
1100 3090 1228 3165 lug.
1316 3087 1542 3147 scilicet
1605 3089 1823 3149 illustri
1886 3105 1941 3149 et
2008 3088 2241 3151 nomine
2290 3112 2363 3150 ac

201 3198 390 3234 xvnr.
431 3176 576 3231 Nam
609 3178 828 3233 Fronto
848 3186 1040 3229 noster
1071 3170 1235 3228 haud
1316 3192 1558 3231 numero
1606 3174 1771 3233 haud
1813 3176 2140 3253 spernendo
2190 3196 2359 3251 prae-

199 3258 385 3317 secius
429 3256 709 3315 adhaeret
753 3254 1026 3315 Sallustio
1063 3275 1236 3331 quam
1320 3254 1442 3313 dita
1481 3280 1500 3325 3
1553 3276 1670 3315 non
1722 3278 1862 3316 uero
1911 3278 2057 3333 quae
2109 3257 2360 3315 latroci-

194 3341 396 3400 simius
436 3338 539 3396 ille
573 3340 888 3398 Arruntius
931 3338 1090 3415 apud
1125 3340 1234 3395 Se·
1315 3338 1427 3397 niis
1485 3352 1713 3397 tantum
1763 3352 1861 3397 aut
1921 3339 2357 3397 excursionibus

195 3416 398 3483 uenam
464 3444 553 3498 ep.
621 3446 806 3481 cxnn
846 3464 865 3491 ,
910 3434 1009 3477 aut
1061 3440 1232 3501 quam
1314 3421 1642 3499 prouincias
1702 3444 1761 3503 p.
1825 3444 1873 3479 r.
1929 3422 2163 3479 infestas
2213 3421 2359 3479 red-

199 3498 535 3583 Thucydidi
575 3506 770 3563 smiles
801 3504 892 3563 illi
913 3500 1126 3564 Graeci
1165 3524 1235 3559 a-
1317 3504 1518 3563 deret.
1562 3504 1769 3563 Cicero
1806 3506 1878 3563 de
1910 3506 2130 3563 inuent.
2170 3505 2351 3583 1137.

196 3592 324 3669 pud
343 3590 660 3650 Lucianum
682 3633 696 3646 .
1398 3588 1434 3646 3
1479 3586 1795 3646 Maximus.
1836 3588 2051 3648 Recole
2086 3589 2161 3645 de
2192 3585 2353 3645 bello

283 3696 316 3734 2
363 3662 461 3733 S‘ic
489 3670 764 3730 Nazarius
782 3690 991 3749 paneg.
1027 3670 1225 3725 Const.
1311 3669 1507 3749 parth.
1559 3690 1618 3746 p.
1665 3694 1800 3731 ooo.
1850 3694 1906 3731 n.
1946 3692 2003 3731 2.

200 3778 324 3833 cap.
349 3778 630 3815 xxxvm:
655 3760 878 3812 Per-sae
896 3756 1015 3830 ipsi
1027 3764 1233 3827 potens
1404 3756 1438 3821 4
1485 3754 1905 3828 LegeDionem
1936 3776 2159 3813 mxvm.
2201 3774 2299 3830 29.

194 3848 362 3899 natio
393 3851 450 3897 et
485 3848 624 3911 post
655 3859 954 3895 romanam
997 3838 1236 3909 magni·
1401 3832 1438 3892 5
1472 3836 1757 3894 Traianus
1778 3850 1835 3894 et
1858 3840 2049 3896 Verus
2076 3836 2355 3894 dicuntur

195 3926 458 3981 tudinem
473 3928 538 3979 in
557 3926 736 3978 terris
758 3920 1012 3977 secunda
1035 3960 1049 3973 .
1099 3922 1238 3976 Por-
1318 3926 1563 3977 maximi
1597 3920 1658 3978 in
1691 3920 2166 3999 inscriptionibus
2198 3934 2261 3977 et
2292 3919 2360 3978 in

197 4028 268 4063 ro
303 4006 379 4063 ad
411 4004 501 4061 ius
532 4001 816 4081 triumphi
843 4002 1060 4060 romani
1086 4001 1240 4059 obti-
1317 4001 1566 4059 nummis
1595 4044 1612 4058 .

194 4091 454 4147 nendum
487 4106 714 4145 necesse
749 4098 871 4143 erat
905 4098 969 4141 ut
1006 4086 1238 4143 deuicta
1401 4086 1440 4144 6
1483 4086 1567 4141 En
1602 4088 1967 4162 propositum
1982 4084 2157 4147 huius
2174 4106 2362 4169 opus-

199 4192 344 4247 gens
378 4172 554 4245 digna
577 4183 721 4227 esset
739 4176 886 4247 qua'e
917 4161 1099 4226 hostis
1132 4188 1239 4245 po·
1323 4165 1442 4231 culi
1471 4166 1825 4228 frontoniani

199 4254 334 4341 puli
398 4254 620 4314 romani
673 4251 964 4335 diceretur
992 4292 1012 4323 ,
1089 4251 1238 4311 duce
