3384 5134
1016 548 1060 602 1.
1093 556 1116 602 1
1148 548 1183 601 t
1212 556 1253 603 n
1282 552 1325 601 n
1406 550 1453 601 v
2161 532 2300 631 137

697 789 917 840 21111.
1008 769 1137 865 69.
1192 792 1485 845 mommo
1561 792 1715 841 mro
1755 814 1777 836 .

378 1010 715 1117 Turinus
734 1026 843 1085 est
878 1012 1029 1085 dies
1054 1064 1075 1103 ,
1118 1009 1321 1112 quod
1344 1038 1477 1113 per
1494 1027 1788 1087 noctem
1824 1037 2108 1088 morsus
2143 1038 2315 1088 uen-

152 1131 285 1203 tris
310 1154 489 1203 cum
520 1132 886 1232 profluuio
910 1136 1151 1236 patior
1179 1190 1196 1205 .
1233 1136 1388 1207 Hac
1426 1162 1599 1209 uero
1632 1150 1845 1209 nocte
1871 1136 1967 1209 ita
1993 1138 2154 1210 sum
2188 1164 2311 1211 ue-

152 1268 423 1347 xatuS.,
458 1253 567 1325 uti
604 1253 899 1353 prodire
936 1282 1085 1329 non
1122 1257 1488 1355 potuerim
1516 1313 1537 1349 .,
1588 1256 1712 1329 scd
1736 1254 2005 1330 lectulo
2045 1282 2163 1329 me
2195 1270 2308 1329 te-

150 1396 375 1443 neam
415 1427 434 1443 .
489 1372 759 1445 Medici
810 1375 1107 1449 suadent
1138 1375 1395 1451 balneo
1432 1378 1538 1450 uti
1582 1433 1599 1448 .
1656 1375 1928 1452 Multos
1961 1376 2255 1449 nataleis
2279 1390 2314 1427 ⁸

156 1504 332 1565 tuos
356 1506 445 1607 'ut
474 1492 790 1567 celebres
820 1524 861 1569 a
894 1496 1009 1571 dis
1040 1509 1374 1599 precatus
1408 1487 1445 1545 ¹³
1484 1524 1648 1570 sum
1679 1552 1698 1568 .
1735 1496 1918 1572 Uale
1947 1498 2258 1573 Domine
2286 1550 2309 1569 .

160 1608 567 1687 Dominam
599 1611 821 1689 saluta
859 1671 880 1688 .

727 1884 854 1931 tv.
933 1880 1057 1957 70.
1114 1884 1501 1935 macls‘rno
1556 1886 1756 1935 mro.

366 2100 479 2173 Tu
518 2127 805 2203 quoque
839 2103 1180 2202 intellegis
1217 2160 1239 2196 ‚
1278 2104 1381 2175 mi
1408 2104 1740 2200 Magister
1769 2156 1789 2191 ‚
1813 2102 1990 2202 quid
2013 2126 2144 2199 ego
2168 2126 2306 2201 pro

158 2246 281 2293 me
322 2237 575 2321 optem
618 2254 637 2291 ε
696 2250 943 2295 sanum
993 2238 1069 2297 et
1116 2222 1443 2297 ualidum
1479 2238 1547 2295 te
1587 2223 1924 2324 deinceps
1955 2277 1976 2311 ‚
2027 2234 2100 2295 et
2117 2223 2309 2295 hunc

156 2338 357 2413 diem
392 2356 601 2415 tuum
626 2341 1167 2439 sollemnem‚et
1194 2358 1470 2418 ceteros
1492 2343 1607 2417 uel
1632 2341 2021 2415 nobiscum
2045 2341 2312 2415 aelno-

156 2459 270 2534 bis
310 2461 559 2562 utique
612 2464 881 2537 securis
927 2489 1065 2564 pro
1098 2476 1167 2537 te
1212 2488 1433 2563 quam
1467 2461 1874 2535 diutissime
1907 2457 2306 2532 celebrare.

154 2582 496 2655 Ceterum
521 2608 651 2681 ego
688 2582 1085 2655 coniectaui
1120 2585 1368 2655 statim
1403 2582 1617 2656 fuisse
1639 2576 2006 2654 eiusmodi
2036 2575 2312 2678 aliquid

152 2727 379 2801 quam
418 2701 517 2774 ob
550 2727 705 2774 rem
734 2714 801 2773 te
840 2726 983 2775 non
1015 2698 1321 2773 uiderim
1363 2757 1381 2773 .
1436 2702 1539 2774 Et
1563 2757 1586 2797 ‚
1624 2700 1686 2773 si
1715 2694 2102 2775 dicendum
2136 2710 2246 2769 est
2279 2752 2306 2792 ,

150 2819 487 2895 delector
516 2821 761 2920 potius
800 2819 1018 2893 talem
1056 2820 1446 2921 querellam
1484 2834 1517 2870 ⁰
1551 2819 1970 2922 corpusculi
2006 2875 2029 2914 ,
2083 2842 2310 2919 quam

150 2938 449 3011 dolores
476 2938 757 3040 aliquos
806 2938 1291 3013 intercessisse
1318 2995 1337 3011 .
1368 2940 1758 3021 ,Praeterea
1812 2938 1903 3012 de
1933 2938 2304 3040 profluuio

150 3060 301 3133 isto
336 3060 513 3132 bene
538 3086 750 3160 spero
780 3094 803 3132 ε
834 3088 1004 3133 nam
1029 3062 1167 3135 etsi
1190 3084 1381 3134 nunc
1416 3074 1485 3134 te
1514 3061 1916 3136 exhauserit
1943 3114 1966 3153 .‚
2005 3072 2246 3130 tamen
2278 3112 2307 3151 ‚

41 3188 52 3195 '
154 3176 274 3250 dis
312 3176 723 3252 uolentibus
744 3234 765 3267 ‚
826 3180 1116 3255 confido
1168 3178 1550 3257 salubriter
1580 3194 1838 3280 sponte
1893 3174 2312 3278 prouenisse

150 3298 408 3372 aluum
442 3298 578 3372 tibi
606 3327 828 3375 uerno
855 3317 1238 3401 tempore,
1278 3328 1507 3401 quom
1539 3298 1661 3372 al'ii
1697 3291 1740 3348 d
1778 3293 2110 3371 consulto
2147 3319 2316 3367 mo-

148 3432 327 3491 uent
378 3430 455 3489 et
504 3420 1009 3493 machinantur
1034 3444 1053 3461 ·
1111 3417 1293 3493 Uale
1347 3420 1451 3491 mi
1498 3406 2014 3523 iucundissime
2064 3412 2311 3513 magi-

150 3552 303 3612 ster
332 3592 357 3611 .
415 3539 641 3615 Mater
666 3567 831 3615 mea
866 3554 935 3615 te
967 3538 1228 3613 salutat
1262 3594 1283 3611 .

1146 3674 1157 3714 l

730 3807 893 3857 rvr.
953 3804 1081 3881 7¹·
1152 3802 1447 3853 nomino
1510 3802 1732 3853 nno.

362 4022 658 4097 Faveas
709 4024 1003 4098 miseras
1052 4018 1347 4119 habeor,
1403 4021 1591 4096 unde
1656 4021 1877 4095 etiam
1935 4016 2122 4093 calui
2172 4040 2303 4118 per

220 4218 261 4249 a
294 4200 375 4250 Iu
414 4214 459 4249 π.
480 4214 686 4258 manus,
709 4196 791 4250 ted
820 4209 868 4249 2.
907 4194 1089 4247 delenit
1119 4212 1181 4248 e.
1252 4194 1284 4247 ὃ
1319 4196 1440 4248 Cod.
1464 4208 1738 4269 prat-canu
1757 4234 1772 4249 .
1841 4210 1874 4245 c
1904 4192 2038 4273 Cod'..
2066 4172 2306 4277 quae-re&

148 4266 721 4413 {autexgingoeoffld
772 4264 1015 4341 quasiala’
1046 4266 1137 4335 ἱεὶς
1170 4262 1308 4337 (ali
1353 4284 1447 4339 pro
1482 4267 1575 4321 alia·
1607 4269 1675 4341 )3
1728 4266 1814 4323 ned
1851 4264 1892 4321 cl
1921 4278 2095 4323 mmm
2129 4260 2307 4319 deind·
