3384 5134
1099 454 1144 505 a
1165 452 1254 501 lo
1894 448 1940 497 n
1972 454 2013 499 a
2093 452 2131 499 r
2165 452 2205 499 a
2230 446 2281 500 a
2313 449 2337 496 1
2370 450 2395 497 1
2426 404 2459 499 s

1085 572 1303 623 usum
1352 560 1566 648 putas
1596 538 1640 621 ’.Ρ
1684 544 2029 621 Profecto
2073 572 2301 647 neque
2348 545 2660 621 esuriens
2690 547 3083 647 quisquam
3122 538 3249 623 nes-

1087 697 1226 773 que
1297 667 1691 747 abstemius
1754 668 2089 742 animum¹
2151 668 2550 746 induxisset
2613 669 2925 765 uirgines
2968 667 3248 743 adultas

1082 792 1175 867 de
1211 790 1639 893 spectaculis
1693 816 1944 890 rapere
1981 844 2000 861 .
2035 790 2233 881 Quid
2262 784 2304 866 ?
2358 790 2601 865 Numa
2640 802 2657 839 ¹
2696 816 2913 865 senex
2944 794 3249 869 sanctis·
3340 827 3353 844 ·

1084 915 1312 989 simus
1368 938 1606 985 nonne
1643 912 1833 983 inter
1886 910 2035 985 liba
2090 926 2165 985 et
2218 910 2543 989 decimas
2582 910 3069 1013 profanandas
3102 968 3128 1006 ‚
3174 926 3243 985 et

1083 1028 1580 1107 suouitaurilia
1617 1029 2003 1103 mactanda
2036 1044 2345 1105 aetatem
2368 1032 2511 1129 egit
2534 1084 2558 1125 .,
2596 1028 2985 1130 epulorum
3012 1028 3243 1103 dicta-

1093 1166 1256 1247 tor‚
1287 1176 1628 1224 cenarum
1663 1165 1694 1199 ⁸
1721 1151 2032 1246 libatur,
2070 1152 2407 1257 feriarum
2428 1147 2929 1252 promulgator
2956 1143 2999 1225 ’.Ρ
3032 1152 3241 1225 Satu-

1087 1286 1334 1347 ratum
1357 1283 1430 1345 et
1456 1270 1791 1344 feriatum
1814 1270 1986 1346 dico
2009 1328 2026 1344 .
2074 1266 2108 1373 [
2131 1272 2193 1347 N
2200 1272 2477 1373 unquid
2528 1266 2661 1373 tu]
2692 1271 3017 1345 esurialis
3048 1271 3244 1345 serias

1091 1393 1416 1469 celebras
1439 1384 1529 1467 2?
1555 1393 1711 1466 Nec
1738 1394 2235 1495 Chrysippum
2268 1387 2311 1427 *
2341 1407 2543 1468 tuum
2582 1378 2949 1495 praetereo
2972 1448 2999 1487 ,
3036 1418 3246 1493 quem

1087 1512 1417 1613 quotidie
1451 1512 1688 1587 serunt
1722 1513 2137 1587 madescere
2170 1510 2470 1588 solitum
2504 1504 2539 1563 3
2562 1568 2581 1585 .
2620 1515 2721 1586 Et
2744 1512 3087 1613 pleraque
3110 1506 3149 1575 Ι.)
3176 1568 3194 1583 .
3221 1565 3244 1581 .

1090 1636 1467 1707 Socratem
1524 1689 1542 1705 .
1587 1690 1606 1707 .
1661 1646 1692 1683 ⁰
1740 1660 1851 1708 ex
1880 1632 2427 1710 Socraticorum
2472 1633 2861 1735 sumposiis
2898 1648 2972 1707 et
3015 1632 3247 1707 dialo-

1087 1754 1191 1853 gis
1251 1770 1324 1829 et
1375 1754 1707 1857 epistulis
1756 1752 1793 1814 4
1834 1756 2205 1829 existimes
2260 1755 2633 1827 hominem
2716 1752 3035 1826 multum
3108 1756 3249 1827 sci-

1083 1890 1244 1949 tum
1305 1890 1380 1949 et
1415 1876 1731 1950 facetum
1778 1876 1994 1949 fuisse
2024 1932 2044 1949 .
2110 1880 2487 1950 Socratem
2520 1872 2877 1970 intelleges
2904 1876 3247 1973 Aspasiae

1079 1980 1577 2099 Hiscipulum,
1647 1996 2019 2071 Alcibiadi
2070 2000 2499 2095 magistrum
2531 2051 2549 2068 .

1286 2117 1447 2189 Iam
1509 2116 1573 2189 si
1594 2114 1869 2190 bellum
1920 2114 2221 2189 iudixtei
2268 2114 2445 2191 ludo
2505 2172 2528 2211 ‚
2588 2115 2741 2189 otio
2791 2170 2817 2208 .‚
2874 2114 3193 2189 satietati
3224 2167 3243 2203 ,

1079 2232 1498 2335 uoluptati3
1554 2248 1632 2307 at
1689 2244 1771 2307 tu
1825 2232 2071 2308 dormi
2112 2232 2367 2309 'saltem
2420 2249 2775 2335 quantum
2828 2233 3067 2307 libero
3111 2234 3247 2307 ho·

1078 2352 1266 2425 mini
1319 2356 1487 2427 satis
1522 2370 1632 2429 est
1665 2410 1684 2427 .
1744 2355 2098 2427 Intensius
2154 2354 2245 2427 ad
2286 2380 2700 2455 supremam
2760 2410 2777 2425 .
2820 2408 2839 2425 .
2894 2354 2973 2425 in
3018 2407 3039 2423 .
3081 2408 3100 2423 .
3156 2350 3244 2423 ad

1079 2468 1372 2546 luminis
1402 2527 1420 2544 .
1449 2527 1470 2545 .
1491 2465 1534 2523 ἆ
1565 2479 1682 2550 An
1716 2474 2007 2549 tandem
2029 2476 2088 2548 si
2116 2476 2353 2573 ignem
2378 2474 2467 2549 de
2496 2474 2691 2549 caclo
2728 2500 2943 2547 nemo
2982 2499 3241 2546 surru-

1081 2592 1357 2692 puisset
1381 2648 1402 2683 ‚
1455 2593 1568 2667 sol
1605 2622 1755 2669 non
1790 2611 1975 2671 esset
1998 2598 2131 2701 tihi
2150 2598 2320 2671 satis
2346 2596 2438 2672 ad
2465 2595 2941 2671 iudicandum
2966 2590 3009 2670 ?
3068 2596 3133 2667 N
3140 2622 3183 2667 e
3214 2604 3241 2639 e

1259 2824 1291 2855 ⁴
1338 2822 1440 2889 M.
1480 2824 1580 2889 De
1627 2822 2049 2913 Chrysippo.

1155 3066 1191 3097 a
1237 3048 1314 3097 Ita
1365 3044 1476 3095 eod.
1519 3044 1622 3095 siue
1679 3040 1874 3108 diphaz.
1946 3042 1975 3093 b
2012 3042 2201 3109 supple
2244 3060 2412 3091 uersus
2473 3042 2597 3091 duo·
2618 3080 2630 3092 .
2702 3058 2730 3087 ‹-
2769 3040 2958 3107 Supple
3016 3046 3117 3093 tria
3156 3044 3251 3095 fen-2

1083 3122 1276 3172 uerba.
1345 3117 1384 3166 d
1417 3119 1478 3167 ln
1517 3115 1595 3165 hi·
1631 3114 1819 3165 lacunis
1860 3116 2046 3165 cubant
2087 3127 2182 3163 tre·
2222 3130 2388 3163 uersus
2424 3151 2437 3162 .
2507 3131 2535 3162 e
2570 3114 2646 3163 Ita
2689 3112 2796 3163 eod.
2856 3130 2954 3178 pro
2994 3130 3135 3172 nae,
3206 3134 3253 3165 ur

1083 3191 1236 3243 alibi.
1279 3190 1382 3237 Nisi
1418 3188 1581 3253 potin·
1615 3201 1688 3237 est
1720 3202 1847 3243 nec,
1884 3187 2059 3239 extrita
2097 3186 2163 3243 ob
2206 3202 2498 3237 concur-tun
2532 3202 2560 3235 c
2582 3222 2595 3235 .
2636 3185 2775 3236 Tunc
2821 3200 2985 3237 amu
3026 3188 3253 3237 interro-

1083 3264 1218 3335 gatio
1255 3256 1474 3311 facienda
1519 3273 1640 3309 esset
1669 3273 1782 3325 post
1804 3250 2017 3329 summas
2042 3292 2055 3307 .

1177 3397 1198 3433 ι
1263 3378 1422 3451 Apte
1490 3372 1809 3433 admodum
1893 3372 2115 3443 Numae
2200 3371 2280 3429 cit
2323 3384 2515 3430 autem
2564 3374 2781 3428 Fronto
2834 3373 3251 3449 Chrysippum

1085 3455 1410 3534 exemplum
1459 3456 1793 3533 profertur,
1848 3454 1936 3512 cul
1991 3454 2117 3535 ‘figi
2197 3468 2381 3525 tuum,
2403 3454 2537 3531 quia
2558 3452 2657 3512 hic
2678 3454 3251 3513 uidebatanicero-

1085 3540 1224 3599 Pius
1253 3553 1623 3617 comparatur
1657 3537 1823 3616 apud'
1863 3537 2117 3612 Capitol.
2200 3540 2264 3595 ni
2288 3538 2505 3596 acad.u
2518 3560 2587 3595 ιι.
2612 3542 2689 3605 24
2709 3536 2917 3595 fulcire
2938 3540 3251 3615 porticum

1085 3639 1230 3690 xlm
1263 3628 1490 3681 Marcus
1534 3628 1727 3680 autern
1794 3620 1867 3679 ab
1914 3620 2024 3677 eod
2064 3642 2119 3677 m
2202 3622 2550 3681 stoicorum.
2574 3618 2801 3679 Stoicus
2824 3638 2964 3679 uero
2992 3622 3103 3679 M-
3126 3625 3254 3681 Au-

1083 3724 1224 3780 rege
1261 3724 1442 3780 genus
1477 3706 1690 3763 ducere
1734 3702 2049 3761 credebam
2101 3746 2116 3761 .
2204 3704 2380 3763 relius
2406 3745 2419 3759 .

1081 3788 1248 3849 Idem
1281 3788 1532 3864 Capitol.
1571 3789 1632 3845 in
1665 3786 1979 3845 munio..
2288 3792 2321 3855 4
2366 3785 2516 3842 Hinc
2549 3782 2807 3842 ualidum
2844 3784 3097 3841 ducitur
3150 3806 3249 3843 ar·

1165 3892 1200 3929 2
1247 3870 1336 3927 Cf.
1377 3871 1559 3927 Plaut.
1595 3882 1745 3949 capt.
1802 3871 1910 3927 111.
1968 3890 2017 3925 ι.
2062 3870 2116 3927 8.
2202 3883 2539 3945 gumemum
2558 3880 2623 3924 ut
2653 3868 2971 3944 probemus
3004 3880 3247 3927 ueteres

1171 3952 1205 4012 3
1253 3952 1558 4010 Ebriosum
1589 3950 1884 4011 hominem
1939 3952 2123 4011 Laer-
2204 3964 2261 4007 et
2316 3952 2593 4027 genuinas
2642 3971 2763 4007 esse
2804 3951 3249 4009 Socraticorum

1085 4030 1203 4091 tius
1251 4034 1648 4113 Chrysippum
1691 4035 1837 4093 dicit
1888 4034 1949 4093 in
1988 4035 2120 4093 eius
2202 4044 2482 4122 epistulas
2514 4089 2532 4115 ,
2566 4040 2707 4122 quas
2746 4030 2995 4105 νοθτίας
3040 4042 3247 4119 pleri-

1071 4116 1206 4173 ,uita
1233 4162 1250 4188 ,
1273 4118 1448 4175 imm
1481 4132 1538 4176 et
1557 4119 1616 4176 in
1635 4131 1953 4177 extremum
1970 4138 2124 4175 mot*-
2202 4148 2314 4204 qne
2362 4148 2562 4187 omnes
2594 4125 2783 4189 critici
2812 4124 3043 4185 inmdiu
3070 4146 3249 4185 accu-

1080 4196 1225 4262 bum
1259 4222 1329 4263 ex
1357 4201 1638 4264 ebrietate
1669 4200 1947 4262 incidisse
1966 4244 1981 4260 .
2016 4201 2120 4261 Di·
2198 4210 2405 4271 sabam
2424 4252 2443 4268 ‚
