3384 5134
996 478 1041 529 ι,
1068 476 1095 527 ι
1126 480 1161 527 ι
1189 480 1231 527 ι
1259 480 1305 529 ιι
1360 476 1461 527 ιιι
2189 447 2286 551 75

800 716 951 767 xn-
1043 714 1425 770 MAGISTRO
1482 714 1637 764 ιιιιο
1674 744 1693 760 .

377 930 585 1003 Duas
610 953 739 1028 per
760 925 839 999 id
857 940 1139 1029 tempus
1164 926 1505 1029 epistulas
1536 943 1691 1004 tuas
1715 929 2002 1029 accepi.
2036 936 2309 1013 Earum

168 1052 395 1129 altera
431 1078 547 1125 me
575 1052 995 1151 increpabas
1022 1108 1046 1148 ‚
1086 1068 1161 1126 et
1194 1068 1457 1126 temere
1497 1053 1918 1127 sententiam
1945 1060 2312 1161 scripsisse

164 1174 517 1273 arguebas
540 1205 561 1243 ε
594 1170 805 1245 altera
835 1195 1008 1245 uero
1047 1184 1239 1260 tuere
1278 1170 1593 1245 studium
1628 1191 1872 1245 meum
1898 1230 1916 1245 .
1973 1179 2248 1253 Laudet
2272 1190 2308 1227 ²

168 1310 237 1369 te
268 1294 496 1368 Baius
536 1304 555 1340 ¹
582 1346 601 1363 .
641 1292 921 1370 Adiuro
970 1306 1209 1365 tamen
1248 1292 1380 1371 tihi
1418 1315 1655 1365 meam
1684 1346 1706 1385 .,
1761 1319 1958 1367 meae
2003 1301 2254 1375 matris
2279 1306 2336 1392 ,s

169 1430 381 1489 tuam
414 1412 764 1506 salutem,
794 1412 970 1489 mihi
1001 1412 1165 1513 plus
1194 1400 1470 1511 gaudii
1447 1438 1523 1484 m
1558 1412 1797 1485 animo
1835 1431 2172 1492 coortum
2195 1444 2307 1491 es·-

162 1563 234 1611 se
268 1534 423 1607 illis
454 1535 591 1609 tuis
624 1533 991 1636 prioribus
1038 1534 1342 1609 litteris·
1395 1555 1510 1603 me
1546 1531 1825 1629 saepius
1873 1536 2308 1615 exclamasse

163 1656 357 1729 inter
376 1652 800 1751 legendum,
830 1677 875 1726 o
902 1678 1019 1725 me
1048 1652 1371 1725 felicem!
1410 1652 1523 1722 Ita
1552 1676 1634 1723 ue
1656 1649 1851 1727 dicet
1874 1654 2124 1755 aliquis
2150 1653 2310 1730 feli-

164 1800 329 1849 cem
362 1788 435 1849 te
460 1828 487 1867 ‚
540 1774 599 1845 si
644 1786 753 1845 est
782 1773 909 1875 qui
956 1787 1023 1847 te
1081 1773 1337 1847 doceat
1381 1770 1753 1873 quomodo
1783 1780 2020 1867 φνόμην
2047 1774 2305 1849 soller-

162 1896 303 1969 tius
332 1950 359 1989 .,
402 1894 789 1969 dilucidius
816 1951 839 1989 ‚
882 1894 1169 1969 breuius
1200 1948 1223 1985 ‚
1261 1890 1559 1994 politius
1607 1892 1882 1967 scribas
1906 1888 1947 1967 ’.Ρ
1983 1922 2126 1970 non
2157 1897 2302 1971 hoc

160 2031 267 2091 est
334 2016 538 2115 quod
592 2042 705 2088 me
768 2014 1049 2089 felicem
1100 2038 1439 2113 nuncupo
1484 2068 1503 2085 .
1574 2010 1771 2103 Quid
1833 2026 1944 2085 est
2005 2016 2229 2113 'igitur
2259 2010 2304 2091 ’ἶ

160 2134 367 2235 quod
411 2160 661 2210 uerum
687 2134 925 2207 dicere
955 2160 1044 2205 ex
1072 2144 1139 2206 te
1170 2133 1372 2206 disco
1400 2126 1437 2183 b
1456 2188 1476 2203 .
1509 2133 1616 2204 Ea
1645 2154 1752 2203 res
1787 2156 2036 2206 uerum
2069 2134 2300 2215 dicere

156 2278 502 2355 prorsum
550 2253 685 2326 diis
738 2251 1286 2350 hominibusque
1340 2249 1563 2323 ardua
1602 2282 1620 2319 ε
1674 2244 1954 2319 nullum
2000 2250 2303 2351 denique·

158 2390 313 2452 tam
336 2372 793 2472 ueriloquum
831 2371 1203 2445 oraculum
1258 2384 1367 2443 est
1416 2372 1590 2470 quin
1628 2365 1898 2465 aliquid
1967 2371 2294 2471 ancipitis

158 2494 269 2569 uel
304 2492 587 2592 obliqui
617 2492 725 2565 uel
755 2491 1058 2592 inpediti
1090 2490 1387 2583 habeat,
1415 2513 1561 2591 quo
1582 2486 2078 2590 inprudentior
2110 2491 2298 2564 inre-

162 2614 385 2689 tiatur
402 2670 421 2684 .
460 2614 609 2685 Et⁰
627 2664 671 2684 ..
697 2611 904 2686 olunt
924 2611 1339 2711 captiosum
1360 2609 1639 2683 dictum
1663 2607 1989 2705 opinatus
2015 2611 2295 2709 captio-

158 2755 323 2804 nem
356 2742 529 2831 post
560 2745 843 2829 tempus
868 2754 955 2802 ac
994 2740 1195 2825 neget
1224 2782 1267 2798 ..
1294 2754 1413 2801 sen
1444 2781 1486 2797 ..
1521 2740 1642 2799 tua
1671 2778 1715 2795 ..
1745 2752 1780 2797 a
1811 2739 2088 2803 tantum
2115 2784 2158 2803 ..
2185 2754 2297 2803 er-

154 2876 313 2923 rore
344 2864 697 2951 quantum
726 2903 771 2921 ..
798 2848 979 2922 atius
1012 2876 1059 2921 u
1090 2902 1133 2919 ..
1160 2848 1537 2921 confestim
1572 2846 1806 2946 ipsam
1833 2902 1878 2919 ..
1906 2874 2024 2922 am
2054 2863 2294 2922 osten-

154 2970 335 3043 dunt
362 2969 511 3043 sine
556 2968 799 3043 fraude
828 2984 901 3043 et
928 2969 1235 3043 inuentis
1264 2954 1493 3041 uerbis
1514 3024 1531 3040 .
1562 2969 1814 3067 Itaque
1846 2959 2183 3042 liaberem
2221 2983 2294 3047 et

156 3086 287 3158 tibi
320 3088 585 3184 gratias
624 3112 901 3182 agerem
946 3086 1093 3160 siue
1231 3087 1446 3161 simul
1476 3100 1547 3160 et
1594 3086 1840 3159 audire
1873 3112 2120 3158 uerum
2171 3112 2292 3159 me

158 3205 379 3281 doces
415 3262 433 3277 .
472 3206 756 3306 Duplex
787 3205 999 3305 igitur
1034 3262 1053 3279 .
1088 3262 1107 3277 .
1134 3234 1229 3281 ne·
1258 3206 1533 3281 ualeam
1567 3222 1673 3281 set
1717 3233 1792 3279 re
1828 3200 2054 3305 qu‘om
2087 3207 2220 3281 tibi
2244 3262 2288 3277 ..

146 3350 285 3425 exp
312 3380 363 3397 ..
396 3323 533 3399 nisi
560 3380 577 3395 .
610 3380 629 3395 .
660 3324 785 3425 qui
818 3328 959 3398 sint
987 3380 1005 3395 .
1042 3380 1059 3395 .
1091 3339 1327 3399 tamen
1367 3326 1545 3399 mihi
1582 3325 1936 3399 minorem
1975 3324 2287 3423 gloriam
2337 3414 2346 3425 ·

150 3458 302 3517 tum
336 3498 383 3515 ..
412 3444 528 3517 die
555 3497 572 3514 .
598 3498 618 3513 .
644 3443 857 3516 uacui
900 3436 1173 3546 [l]icuit
1197 3470 1315 3517 me
1339 3498 1357 3515 .
1381 3500 1398 3515 .
1422 3445 1601 3517 bene
1632 3458 1704 3517 et
1733 3496 1776 3513 ..
1809 3468 2188 3545 excerpere
2217 3500 2234 3516 .
2261 3496 2284 3516 .

144 3564 566 3663 paulatim..
591 3564 812 3636 nmi.
821 3576 962 3637 .est
994 3566 1243 3636 enim.
1253 3566 1467 3665 .qui.
1512 3563 1836 3637 laborem
1869 3560 1987 3635 hic
2041 3579 2240 3639 rect.
2261 3618 2282 3636 .

2352 1128 2371 1179 Ι

208 3734 689 3791 acod.lau‹lene.
757 3734 984 3789 bVerab
1019 3738 1308 3789 exudisco
1342 3738 1499 3789 curib
1504 3754 1591 3786 nut
1591 3738 1871 3817 rposterior
1871 3756 2059 3789 emanu
2154 3740 2280 3795 cl'u

145 3804 1237 3931 ffffdbmlacuninuoqueaeiooedptul
1210 3806 1545 3876 eufieerimp
1530 3806 1794 3880 aiimtpag
1795 3800 2280 3877 epar-minandi-

226 3996 249 4033 1
292 3972 877 4051 videtin-‚legendum
900 3984 1129 4037 Bauius
1150 4021 1162 4035 .
1251 3996 1469 4054 epam.
1490 3996 1834 4053 quamquam
1851 3976 1962 4036 hoc
1980 3988 2272 4055 postremo

144 4058 259 4113 lam
278 4056 491 4115 Bantius
513 4070 595 4115 est
613 4058 797 4117 malus
818 4074 989 4136 poeta
1011 4060 1169 4136 apud
1249 4058 1377 4117 loco
1398 4059 1634 4136 quidam
1656 4060 1852 4134 legere
1871 4062 2096 4122 malunt
2125 4064 2277 4123 Amu-

142 4136 301 4215 Virg.
340 4140 453 4199 ecl.
490 4160 587 4197 ιιι.
622 4161 697 4215 9ο
718 4167 735 4211 3
779 4142 961 4199 malus
978 4156 1169 4199 autem
1249 4142 1471 4203 binium
1505 4163 1677 4221 quam
1701 4148 1988 4204 Bauium.
2025 4167 2030 4173 ·

143 4224 449 4283 comoedus
528 4222 687 4303 apud
760 4224 1165 4305 Symmachum
