<?xml version="1.0" encoding="UTF-8"?>
<!DOCTYPE html PUBLIC "-//W3C//DTD XHTML 1.0 Transitional//EN"
    "http://www.w3.org/TR/xhtml1/DTD/xhtml1-transitional.dtd">
<html xmlns="http://www.w3.org/1999/xhtml" xml:lang="en" lang="en">
 <head>
  <title>
</title>
<meta http-equiv="Content-Type" content="text/html;charset=utf-8" />
  <meta name='ocr-system' content='tesseract 3.04.00' />
  <meta name='ocr-capabilities' content='ocr_page ocr_carea ocr_par ocr_line ocrx_word'/>
</head>
<body>
  <div class='ocr_page' id='page_1' title='image "./mcorneliifronto00maigoog/mcorneliifronto00maigoog_0120.png"; bbox 0 0 3384 5134; ppageno 0'>
   <div class='ocr_carea' id='block_1_1' title="bbox 1019 458 3270 3296">
    <p class='ocr_par' dir='ltr' id='par_1_1' title="bbox 1019 458 3270 3296">
     <span class='ocr_line' id='line_1_1' title="bbox 1116 458 2638 542; baseline -0.001 -34"><span class='ocrx_word' id='word_1_1' title='bbox 1116 464 1215 542; x_wconf 79' lang='lat'><strong>7⁰</strong></span> <span class='ocrx_word' id='word_1_2' title='bbox 1711 458 1823 507; x_wconf 65' lang='lat' dir='ltr'><strong>An</strong></span> <span class='ocrx_word' id='word_1_3' title='bbox 1903 459 2018 505; x_wconf 55' lang='lat' dir='ltr'><strong>qu·</strong></span> <span class='ocrx_word' id='word_1_4' title='bbox 2107 458 2638 509; x_wconf 63' lang='lat' dir='ltr'><strong>ansanum</strong></span> 
     </span>
     <span class='ocr_line' id='line_1_2' title="bbox 1110 556 3258 658; baseline -0.005 -23"><span class='ocrx_word' id='word_1_5' title='bbox 1110 560 1411 637; x_wconf 82' lang='lat' dir='ltr'><strong>moleste</strong></span> <span class='ocrx_word' id='word_1_6' title='bbox 1446 556 1622 631; x_wconf 86' lang='lat' dir='ltr'><strong>feres</strong></span> <span class='ocrx_word' id='word_1_7' title='bbox 1660 556 1722 629; x_wconf 88' lang='lat' dir='ltr'><strong>si</strong></span> <span class='ocrx_word' id='word_1_8' title='bbox 1755 557 1829 627; x_wconf 90' lang='lat' dir='ltr'><strong>in</strong></span> <span class='ocrx_word' id='word_1_9' title='bbox 1869 570 1994 628; x_wconf 90' lang='lat' dir='ltr'><strong>tuo</strong></span> <span class='ocrx_word' id='word_1_10' title='bbox 2057 570 2263 656; x_wconf 88' lang='lat' dir='ltr'><strong>atque</strong></span> <span class='ocrx_word' id='word_1_11' title='bbox 2295 557 2370 628; x_wconf 89' lang='lat' dir='ltr'><strong>in</strong></span> <span class='ocrx_word' id='word_1_12' title='bbox 2403 556 2510 629; x_wconf 88' lang='lat' dir='ltr'><strong>tui</strong></span> <span class='ocrx_word' id='word_1_13' title='bbox 2539 557 2766 658; x_wconf 90' lang='lat' dir='ltr'><strong>patris</strong></span> <span class='ocrx_word' id='word_1_14' title='bbox 2829 556 2984 631; x_wconf 87' lang='lat' dir='ltr'><strong>sinu</strong></span> <span class='ocrx_word' id='word_1_15' title='bbox 3019 556 3098 631; x_wconf 81' lang='lat' dir='ltr'><strong>id</strong></span> <span class='ocrx_word' id='word_1_16' title='bbox 3159 560 3258 633; x_wconf 83' lang='lat' dir='ltr'><strong>fi..</strong></span> 
     </span>
     <span class='ocr_line' id='line_1_3' title="bbox 1113 665 3244 781; baseline 0 -25"><span class='ocrx_word' id='word_1_17' title='bbox 1113 699 1313 757; x_wconf 86' lang='lat' dir='ltr'><strong>ctum</strong></span> <span class='ocrx_word' id='word_1_18' title='bbox 1340 692 1371 729; x_wconf 80' lang='lat'>⁸</span> <span class='ocrx_word' id='word_1_19' title='bbox 1388 703 1725 781; x_wconf 87' lang='lat' dir='ltr'><strong>quaeram</strong></span> <span class='ocrx_word' id='word_1_20' title='bbox 1742 670 1782 751; x_wconf 74' lang='grc' dir='ltr'><em>ἲ</em></span> <span class='ocrx_word' id='word_1_21' title='bbox 1807 678 1912 751; x_wconf 85' lang='lat' dir='ltr'><strong>Ut</strong></span> <span class='ocrx_word' id='word_1_22' title='bbox 1937 677 2056 749; x_wconf 84' lang='lat' dir='ltr'><strong>illa</strong></span> <span class='ocrx_word' id='word_1_23' title='bbox 2083 678 2158 750; x_wconf 90' lang='lat' dir='ltr'><strong>in</strong></span> <span class='ocrx_word' id='word_1_24' title='bbox 2187 678 2367 751; x_wconf 90' lang='lat' dir='ltr'><strong>mari</strong></span> <span class='ocrx_word' id='word_1_25' title='bbox 2395 678 2594 753; x_wconf 88' lang='lat' dir='ltr'><strong>ionio</strong></span> <span class='ocrx_word' id='word_1_26' title='bbox 2623 670 2824 752; x_wconf 83' lang='lat' dir='ltr'><strong>siueb</strong></span> <span class='ocrx_word' id='word_1_27' title='bbox 2850 665 3244 781; x_wconf 67' lang='lat' dir='ltr'><strong>tyr-reuicQ</strong></span> 
     </span>
     <span class='ocr_line' id='line_1_4' title="bbox 1111 793 3248 903; baseline -0.001 -26"><span class='ocrx_word' id='word_1_28' title='bbox 1111 805 1222 878; x_wconf 84' lang='lat' dir='ltr'><strong>sin</strong></span> <span class='ocrx_word' id='word_1_29' title='bbox 1242 815 1275 852; x_wconf 77' lang='lat'><strong>⁰</strong></span> <span class='ocrx_word' id='word_1_30' title='bbox 1303 827 1474 875; x_wconf 87' lang='lat' dir='ltr'><strong>uero</strong></span> <span class='ocrx_word' id='word_1_31' title='bbox 1506 797 1751 899; x_wconf 88' lang='lat' dir='ltr'><strong>potius</strong></span> <span class='ocrx_word' id='word_1_32' title='bbox 1787 796 1864 870; x_wconf 87' lang='lat' dir='ltr'><strong>in</strong></span> <span class='ocrx_word' id='word_1_33' title='bbox 1892 796 2287 871; x_wconf 82' lang='lat' dir='ltr'>hadriatico</span> <span class='ocrx_word' id='word_1_34' title='bbox 2323 801 2506 871; x_wconf 89' lang='lat' dir='ltr'><strong>mari</strong></span> <span class='ocrx_word' id='word_1_35' title='bbox 2533 854 2554 893; x_wconf 76' lang='grc'><em>,</em></span> <span class='ocrx_word' id='word_1_36' title='bbox 2587 826 2710 873; x_wconf 86' lang='lat' dir='ltr'><strong>seu</strong></span> <span class='ocrx_word' id='word_1_37' title='bbox 2739 793 2780 849; x_wconf 87' lang='lat' dir='ltr'><strong>d</strong></span> <span class='ocrx_word' id='word_1_38' title='bbox 2815 803 3011 903; x_wconf 86' lang='lat' dir='ltr'><strong>quod</strong></span> <span class='ocrx_word' id='word_1_39' title='bbox 3048 802 3248 875; x_wconf 88' lang='lat' dir='ltr'><strong>aliud</strong></span> 
     </span>
     <span class='ocr_line' id='line_1_5' title="bbox 1108 917 3246 1019; baseline -0.01 -23"><span class='ocrx_word' id='word_1_40' title='bbox 1108 936 1220 996; x_wconf 90' lang='lat' dir='ltr'><strong>est</strong></span> <span class='ocrx_word' id='word_1_41' title='bbox 1268 946 1465 993; x_wconf 87' lang='lat' dir='ltr'><strong>mare</strong></span> <span class='ocrx_word' id='word_1_42' title='bbox 1496 974 1521 1015; x_wconf 79' lang='lat'><strong>‚</strong></span> <span class='ocrx_word' id='word_1_43' title='bbox 1577 917 1728 991; x_wconf 88' lang='lat' dir='ltr'><strong>eius</strong></span> <span class='ocrx_word' id='word_1_44' title='bbox 1780 942 2044 989; x_wconf 87' lang='lat' dir='ltr'><strong>nomen</strong></span> <span class='ocrx_word' id='word_1_45' title='bbox 2097 918 2314 991; x_wconf 87' lang='lat' dir='ltr'><strong>maris</strong></span> <span class='ocrx_word' id='word_1_46' title='bbox 2355 918 2601 994; x_wconf 87' lang='lat' dir='ltr'><strong>addito</strong></span> <span class='ocrx_word' id='word_1_47' title='bbox 2627 932 2646 967; x_wconf 85' lang='lat'>¹</span> <span class='ocrx_word' id='word_1_48' title='bbox 2673 976 2692 991; x_wconf 90' lang='lat'><strong>.</strong></span> <span class='ocrx_word' id='word_1_49' title='bbox 2745 920 2994 1019; x_wconf 82' lang='lat' dir='ltr'><strong>Igitur</strong></span> <span class='ocrx_word' id='word_1_50' title='bbox 3021 936 3103 994; x_wconf 82' lang='lat' dir='ltr'><strong>ut</strong></span> <span class='ocrx_word' id='word_1_51' title='bbox 3151 920 3246 992; x_wconf 80' lang='lat' dir='ltr'><strong>il..</strong></span> 
     </span>
     <span class='ocr_line' id='line_1_6' title="bbox 1106 1026 3238 1140; baseline -0.001 -25"><span class='ocrx_word' id='word_1_52' title='bbox 1106 1040 1179 1116; x_wconf 87' lang='lat' dir='ltr'><strong>la</strong></span> <span class='ocrx_word' id='word_1_53' title='bbox 1228 1043 1305 1116; x_wconf 89' lang='lat' dir='ltr'><strong>in</strong></span> <span class='ocrx_word' id='word_1_54' title='bbox 1329 1038 1513 1120; x_wconf 83' lang='lat' dir='ltr'><strong>mari</strong></span> <span class='ocrx_word' id='word_1_55' title='bbox 1558 1033 1789 1115; x_wconf 82' lang='lat' dir='ltr'><strong>insula</strong></span> <span class='ocrx_word' id='word_1_56' title='bbox 1837 1036 2140 1112; x_wconf 86' lang='lat' dir='ltr'><strong>Aenaria</strong></span> <span class='ocrx_word' id='word_1_57' title='bbox 2162 1036 2422 1111; x_wconf 88' lang='lat' dir='ltr'><strong>fluctus</strong></span> <span class='ocrx_word' id='word_1_58' title='bbox 2455 1040 2860 1113; x_wconf 86' lang='lat' dir='ltr'><strong>maritimos</strong></span> <span class='ocrx_word' id='word_1_59' title='bbox 2903 1026 3058 1140; x_wconf 88' lang='lat' dir='ltr'><strong>ipsa</strong></span> <span class='ocrx_word' id='word_1_60' title='bbox 3105 1064 3238 1113; x_wconf 89' lang='lat' dir='ltr'><strong>ac-</strong></span> 
     </span>
     <span class='ocr_line' id='line_1_7' title="bbox 1110 1152 3235 1261; baseline -0.002 -27"><span class='ocrx_word' id='word_1_61' title='bbox 1110 1160 1297 1261; x_wconf 85' lang='lat' dir='ltr'><strong>cipit</strong></span> <span class='ocrx_word' id='word_1_62' title='bbox 1366 1164 1582 1257; x_wconf 86' lang='lat' dir='ltr'><strong>atque</strong></span> <span class='ocrx_word' id='word_1_63' title='bbox 1640 1152 2022 1257; x_wconf 88' lang='lat' dir='ltr'><strong>propulsat</strong></span> <span class='ocrx_word' id='word_1_64' title='bbox 2067 1212 2092 1249; x_wconf 81' lang='lat'>,</span> <span class='ocrx_word' id='word_1_65' title='bbox 2151 1181 2580 1258; x_wconf 87' lang='lat' dir='ltr'><strong>omnemque</strong></span> <span class='ocrx_word' id='word_1_66' title='bbox 2631 1160 2786 1231; x_wconf 90' lang='lat' dir='ltr'><strong>uim</strong></span> <span class='ocrx_word' id='word_1_67' title='bbox 2835 1158 3172 1233; x_wconf 87' lang='lat' dir='ltr'><strong>classium</strong></span> <span class='ocrx_word' id='word_1_68' title='bbox 3208 1213 3235 1254; x_wconf 87' lang='lat'>‚</span> 
     </span>
     <span class='ocr_line' id='line_1_8' title="bbox 1104 1258 3237 1385; baseline -0.002 -30"><span class='ocrx_word' id='word_1_69' title='bbox 1104 1279 1551 1385; x_wconf 84' lang='lat' dir='ltr'><strong>praedonum</strong></span> <span class='ocrx_word' id='word_1_70' title='bbox 1570 1331 1591 1369; x_wconf 92' lang='lat'><strong>.,</strong></span> <span class='ocrx_word' id='word_1_71' title='bbox 1620 1274 1992 1349; x_wconf 83' lang='lat' dir='ltr'><strong>ueluarum</strong></span> <span class='ocrx_word' id='word_1_72' title='bbox 2018 1288 2078 1371; x_wconf 56' lang='grc' dir='ltr'><strong>Β,</strong></span> <span class='ocrx_word' id='word_1_73' title='bbox 2107 1258 2587 1377; x_wconf 77' lang='lat' dir='ltr'><strong>procellarum</strong></span> <span class='ocrx_word' id='word_1_74' title='bbox 2616 1280 2774 1380; x_wconf 88' lang='lat' dir='ltr'><strong>ipsa</strong></span> <span class='ocrx_word' id='word_1_75' title='bbox 2793 1280 3237 1380; x_wconf 76' lang='lat' dir='ltr'><strong>perpetitur3</strong></span> 
     </span>
     <span class='ocr_line' id='line_1_9' title="bbox 1099 1394 3232 1497; baseline -0.003 -22"><span class='ocrx_word' id='word_1_76' title='bbox 1099 1404 1288 1477; x_wconf 89' lang='lat' dir='ltr'><strong>intus</strong></span> <span class='ocrx_word' id='word_1_77' title='bbox 1324 1413 1561 1495; x_wconf 75' lang='lat' dir='ltr'><strong>autem</strong></span> <span class='ocrx_word' id='word_1_78' title='bbox 1596 1396 1675 1467; x_wconf 88' lang='lat' dir='ltr'><strong>in</strong></span> <span class='ocrx_word' id='word_1_79' title='bbox 1713 1394 1876 1467; x_wconf 85' lang='lat' dir='ltr'><strong>lacu</strong></span> <span class='ocrx_word' id='word_1_80' title='bbox 1915 1394 2132 1469; x_wconf 87' lang='lat' dir='ltr'><strong>aliam</strong></span> <span class='ocrx_word' id='word_1_81' title='bbox 2183 1396 2490 1470; x_wconf 78' lang='lat' dir='ltr'><strong>insulam</strong></span> <span class='ocrx_word' id='word_1_82' title='bbox 2527 1400 2836 1497; x_wconf 78' lang='lat' dir='ltr'><strong>protegit</strong></span> <span class='ocrx_word' id='word_1_83' title='bbox 2859 1399 2949 1473; x_wconf 84' lang='lat' dir='ltr'><strong>ab</strong></span> <span class='ocrx_word' id='word_1_84' title='bbox 2987 1399 3232 1472; x_wconf 89' lang='lat' dir='ltr'><strong>omni-</strong></span> 
     </span>
     <span class='ocr_line' id='line_1_10' title="bbox 1102 1510 3232 1620; baseline -0.002 -26"><span class='ocrx_word' id='word_1_85' title='bbox 1102 1520 1237 1594; x_wconf 87' lang='lat' dir='ltr'><strong>bus</strong></span> <span class='ocrx_word' id='word_1_86' title='bbox 1270 1516 1604 1620; x_wconf 86' lang='lat' dir='ltr'><strong>periculis</strong></span> <span class='ocrx_word' id='word_1_87' title='bbox 1630 1539 1718 1589; x_wconf 87' lang='lat' dir='ltr'><strong>ac</strong></span> <span class='ocrx_word' id='word_1_88' title='bbox 1752 1510 2291 1591; x_wconf 78' lang='lat' dir='ltr'><strong>difficultatibus</strong></span> <span class='ocrx_word' id='word_1_89' title='bbox 2325 1532 2554 1591; x_wconf 86' lang='lat' dir='ltr'><strong>tutam</strong></span> <span class='ocrx_word' id='word_1_90' title='bbox 2585 1549 2610 1615; x_wconf 66' lang='grc' dir='ltr'>ς</span> <span class='ocrx_word' id='word_1_91' title='bbox 2687 1520 3232 1620; x_wconf 35' lang='lat' dir='ltr'><strong>omnium‘uero</strong></span> 
     </span>
     <span class='ocr_line' id='line_1_11' title="bbox 1102 1633 3233 1741; baseline -0.001 -29"><span class='ocrx_word' id='word_1_92' title='bbox 1102 1640 1522 1714; x_wconf 81' lang='lat' dir='ltr'><strong>deliciarum</strong></span> <span class='ocrx_word' id='word_1_93' title='bbox 1551 1692 1573 1733; x_wconf 87' lang='lat'>‚</span> <span class='ocrx_word' id='word_1_94' title='bbox 1628 1635 1852 1737; x_wconf 91' lang='lat' dir='ltr'><strong>uolup</strong></span> <span class='ocrx_word' id='word_1_95' title='bbox 1863 1651 2226 1739; x_wconf 86' lang='lat' dir='ltr'><strong>tatumque</strong></span> <span class='ocrx_word' id='word_1_96' title='bbox 2256 1633 2683 1739; x_wconf 74' lang='lat' dir='ltr'><strong>participem</strong></span> <span class='ocrx_word' id='word_1_97' title='bbox 2713 1693 2734 1712; x_wconf 89' lang='lat'><strong>.-</strong></span> <span class='ocrx_word' id='word_1_98' title='bbox 2786 1639 3114 1741; x_wconf 83' lang='lat' dir='ltr'><strong>Namque</strong></span> <span class='ocrx_word' id='word_1_99' title='bbox 3143 1636 3233 1709; x_wconf 89' lang='lat' dir='ltr'><strong>il-</strong></span> 
     </span>
     <span class='ocr_line' id='line_1_12' title="bbox 1098 1746 3270 1860; baseline -0.002 -23"><span class='ocrx_word' id='word_1_100' title='bbox 1098 1760 1171 1837; x_wconf 79' lang='lat' dir='ltr'><strong>la</strong></span> <span class='ocrx_word' id='word_1_101' title='bbox 1194 1763 1387 1837; x_wconf 90' lang='lat' dir='ltr'><strong>intus</strong></span> <span class='ocrx_word' id='word_1_102' title='bbox 1412 1762 1487 1836; x_wconf 90' lang='lat' dir='ltr'><strong>in</strong></span> <span class='ocrx_word' id='word_1_103' title='bbox 1518 1760 1681 1839; x_wconf 86' lang='lat' dir='ltr'><strong>lacu</strong></span> <span class='ocrx_word' id='word_1_104' title='bbox 1711 1759 1938 1832; x_wconf 85' lang='lat' dir='ltr'><strong>insula</strong></span> <span class='ocrx_word' id='word_1_105' title='bbox 1971 1786 2189 1860; x_wconf 85' lang='lat' dir='ltr'><strong>aeque</strong></span> <span class='ocrx_word' id='word_1_106' title='bbox 2223 1754 2427 1835; x_wconf 78' lang='lat' dir='ltr'><strong>undis</strong></span> <span class='ocrx_word' id='word_1_107' title='bbox 2467 1746 2756 1837; x_wconf 78' lang='lat' dir='ltr'><strong>alluitur</strong></span> <span class='ocrx_word' id='word_1_108' title='bbox 2777 1753 2808 1811; x_wconf 77' lang='lat' dir='ltr'>s</span> <span class='ocrx_word' id='word_1_109' title='bbox 2824 1816 2847 1855; x_wconf 85' lang='lat'><strong>‚</strong></span> <span class='ocrx_word' id='word_1_110' title='bbox 2890 1787 3093 1834; x_wconf 90' lang='lat' dir='ltr'><strong>auras</strong></span> <span class='ocrx_word' id='word_1_111' title='bbox 3117 1786 3230 1833; x_wconf 87' lang='lat' dir='ltr'><strong>sa·</strong></span> <span class='ocrx_word' id='word_1_112' title='bbox 3263 1760 3270 1765; x_wconf 67' lang='grc'><strong><em>’</em></strong></span> 
     </span>
     <span class='ocr_line' id='line_1_13' title="bbox 1098 1876 3226 1990; baseline -0.001 -36"><span class='ocrx_word' id='word_1_113' title='bbox 1098 1880 1323 1956; x_wconf 88' lang='lat' dir='ltr'><strong>lubris</strong></span> <span class='ocrx_word' id='word_1_114' title='bbox 1384 1906 1602 1981; x_wconf 87' lang='lat' dir='ltr'><strong>aeque</strong></span> <span class='ocrx_word' id='word_1_115' title='bbox 1642 1876 1911 1979; x_wconf 88' lang='lat' dir='ltr'><strong>accipit</strong></span> <span class='ocrx_word' id='word_1_116' title='bbox 1944 1934 1967 1973; x_wconf 80' lang='lat'>‚</span> <span class='ocrx_word' id='word_1_117' title='bbox 2023 1880 2386 1953; x_wconf 86' lang='lat' dir='ltr'><strong>habitatur</strong></span> <span class='ocrx_word' id='word_1_118' title='bbox 2445 1906 2662 1981; x_wconf 89' lang='lat' dir='ltr'><strong>aeque</strong></span> <span class='ocrx_word' id='word_1_119' title='bbox 2685 1936 2710 1975; x_wconf 90' lang='lat'><strong>.,</strong></span> <span class='ocrx_word' id='word_1_120' title='bbox 2751 1904 2944 1954; x_wconf 86' lang='lat' dir='ltr'><strong>mare</strong></span> <span class='ocrx_word' id='word_1_121' title='bbox 3007 1906 3226 1990; x_wconf 70' lang='lat' dir='ltr'><strong>aeque</strong></span> 
     </span>
     <span class='ocr_line' id='line_1_14' title="bbox 1019 1997 3222 2103; baseline -0.002 -30"><span class='ocrx_word' id='word_1_122' title='bbox 1019 2088 1031 2097; x_wconf 41' lang='lat'><strong>·</strong></span> <span class='ocrx_word' id='word_1_123' title='bbox 1100 2008 1553 2103; x_wconf 85' lang='lat' dir='ltr'><strong>prospectat.</strong></span> <span class='ocrx_word' id='word_1_124' title='bbox 1585 2002 1769 2071; x_wconf 87' lang='lat' dir='ltr'><strong>Item</strong></span> <span class='ocrx_word' id='word_1_125' title='bbox 1795 2014 1998 2099; x_wconf 92' lang='lat' dir='ltr'><strong>pater</strong></span> <span class='ocrx_word' id='word_1_126' title='bbox 2035 2012 2198 2072; x_wconf 87' lang='lat' dir='ltr'><strong>tuus</strong></span> <span class='ocrx_word' id='word_1_127' title='bbox 2227 1999 2515 2099; x_wconf 87' lang='lat' dir='ltr'><strong>imperii</strong></span> <span class='ocrx_word' id='word_1_128' title='bbox 2551 1998 2832 2072; x_wconf 85' lang='lat' dir='ltr'><strong>romani</strong></span> <span class='ocrx_word' id='word_1_129' title='bbox 2859 1997 3222 2071; x_wconf 82' lang='lat' dir='ltr'><strong>molestias</strong></span> 
     </span>
     <span class='ocr_line' id='line_1_15' title="bbox 1090 2112 3222 2219; baseline -0.002 -26"><span class='ocrx_word' id='word_1_130' title='bbox 1090 2145 1175 2193; x_wconf 91' lang='lat' dir='ltr'><strong>ac</strong></span> <span class='ocrx_word' id='word_1_131' title='bbox 1213 2112 1663 2193; x_wconf 84' lang='lat' dir='ltr'><strong>difficultates</strong></span> <span class='ocrx_word' id='word_1_132' title='bbox 1690 2120 1843 2219; x_wconf 88' lang='lat' dir='ltr'><strong>ipse</strong></span> <span class='ocrx_word' id='word_1_133' title='bbox 1875 2118 2296 2218; x_wconf 72' lang='lat' dir='ltr'><strong>perpetitur,</strong></span> <span class='ocrx_word' id='word_1_134' title='bbox 2327 2135 2394 2191; x_wconf 89' lang='lat' dir='ltr'><strong>te</strong></span> <span class='ocrx_word' id='word_1_135' title='bbox 2429 2132 2664 2191; x_wconf 88' lang='lat' dir='ltr'><strong>tutum</strong></span> <span class='ocrx_word' id='word_1_136' title='bbox 2691 2120 2885 2191; x_wconf 85' lang='lat' dir='ltr'><strong>intus</strong></span> <span class='ocrx_word' id='word_1_137' title='bbox 2921 2119 2995 2191; x_wconf 89' lang='lat' dir='ltr'><strong>in</strong></span> <span class='ocrx_word' id='word_1_138' title='bbox 3030 2132 3222 2191; x_wconf 87' lang='lat' dir='ltr'><strong>tran-</strong></span> 
     </span>
     <span class='ocr_line' id='line_1_16' title="bbox 1053 2222 3212 2341; baseline -0.001 -31"><span class='ocrx_word' id='word_1_139' title='bbox 1053 2230 1061 2239; x_wconf 70' lang='grc'><strong>’</strong></span> <span class='ocrx_word' id='word_1_140' title='bbox 1088 2236 1313 2341; x_wconf 84' lang='lat' dir='ltr'><strong>quillo</strong></span> <span class='ocrx_word' id='word_1_141' title='bbox 1336 2239 1491 2311; x_wconf 87' lang='lat' dir='ltr'><strong>sinu</strong></span> <span class='ocrx_word' id='word_1_142' title='bbox 1518 2222 1954 2321; x_wconf 77' lang='lat' dir='ltr'><strong>suo‘sooium</strong></span> <span class='ocrx_word' id='word_1_143' title='bbox 1978 2236 2337 2333; x_wconf 81' lang='lat' dir='ltr'>dignitatis</span> <span class='ocrx_word' id='word_1_144' title='bbox 2369 2233 2636 2335; x_wconf 86' lang='lat' dir='ltr'><strong>gloriae</strong></span> <span class='ocrx_word' id='word_1_145' title='bbox 2658 2239 3153 2338; x_wconf 85' lang='lat' dir='ltr'><strong>bonorumque</strong></span> <span class='ocrx_word' id='word_1_146' title='bbox 3173 2228 3212 2269; x_wconf 78' lang='lat'><strong>*</strong></span> 
     </span>
     <span class='ocr_line' id='line_1_17' title="bbox 1093 2355 3218 2458; baseline -0.002 -24"><span class='ocrx_word' id='word_1_147' title='bbox 1093 2360 1421 2434; x_wconf 88' lang='lat' dir='ltr'><strong>omnium</strong></span> <span class='ocrx_word' id='word_1_148' title='bbox 1468 2355 1901 2458; x_wconf 81' lang='lat' dir='ltr'><strong>participem</strong></span> <span class='ocrx_word' id='word_1_149' title='bbox 1937 2371 2210 2431; x_wconf 85' lang='lat' dir='ltr'><strong>tutatur</strong></span> <span class='ocrx_word' id='word_1_150' title='bbox 2234 2414 2253 2429; x_wconf 91' lang='lat'><strong>.</strong></span> <span class='ocrx_word' id='word_1_151' title='bbox 2311 2358 2464 2432; x_wconf 85' lang='lat' dir='ltr'><strong>Hac</strong></span> <span class='ocrx_word' id='word_1_152' title='bbox 2498 2360 2800 2457; x_wconf 82' lang='lat' dir='ltr'><strong>imagine</strong></span> <span class='ocrx_word' id='word_1_153' title='bbox 2835 2359 3218 2434; x_wconf 89' lang='lat' dir='ltr'><strong>multimo-</strong></span> 
     </span>
     <span class='ocr_line' id='line_1_18' title="bbox 1092 2472 3218 2579; baseline -0.001 -27"><span class='ocrx_word' id='word_1_154' title='bbox 1092 2480 1204 2553; x_wconf 88' lang='lat' dir='ltr'><strong>dis</strong></span> <span class='ocrx_word' id='word_1_155' title='bbox 1236 2480 1342 2551; x_wconf 89' lang='lat' dir='ltr'><strong>uti</strong></span> <span class='ocrx_word' id='word_1_156' title='bbox 1367 2490 1575 2577; x_wconf 88' lang='lat' dir='ltr'><strong>potes</strong></span> <span class='ocrx_word' id='word_1_157' title='bbox 1598 2472 1728 2548; x_wconf 90' lang='lat' dir='ltr'><strong>ubi</strong></span> <span class='ocrx_word' id='word_1_158' title='bbox 1762 2478 1954 2577; x_wconf 88' lang='lat' dir='ltr'><strong>patri</strong></span> <span class='ocrx_word' id='word_1_159' title='bbox 1983 2492 2103 2551; x_wconf 84' lang='lat' dir='ltr'><strong>tuo</strong></span> <span class='ocrx_word' id='word_1_160' title='bbox 2138 2475 2392 2577; x_wconf 78' lang='lat' dir='ltr'><strong>gratias</strong></span> <span class='ocrx_word' id='word_1_161' title='bbox 2419 2504 2602 2577; x_wconf 70' lang='lat' dir='ltr'><strong>ages,</strong></span> <span class='ocrx_word' id='word_1_162' title='bbox 2631 2481 2705 2551; x_wconf 89' lang='lat' dir='ltr'><strong>in</strong></span> <span class='ocrx_word' id='word_1_163' title='bbox 2727 2506 2867 2579; x_wconf 87' lang='lat' dir='ltr'><strong>qua</strong></span> <span class='ocrx_word' id='word_1_164' title='bbox 2899 2480 3218 2551; x_wconf 85' lang='lat' dir='ltr'><strong>oratione</strong></span> 
     </span>
     <span class='ocr_line' id='line_1_19' title="bbox 1088 2593 3210 2696; baseline -0.002 -25"><span class='ocrx_word' id='word_1_165' title='bbox 1088 2594 1742 2695; x_wconf 81' lang='lat' dir='ltr'><strong>locupletissimum</strong></span> <span class='ocrx_word' id='word_1_166' title='bbox 1772 2609 1844 2667; x_wconf 87' lang='lat' dir='ltr'><strong>et</strong></span> <span class='ocrx_word' id='word_1_167' title='bbox 1909 2593 2502 2695; x_wconf 86' lang='lat' dir='ltr'><strong>copiosissimum</strong></span> <span class='ocrx_word' id='word_1_168' title='bbox 2554 2612 2620 2670; x_wconf 87' lang='lat' dir='ltr'><strong>te</strong></span> <span class='ocrx_word' id='word_1_169' title='bbox 2666 2622 2820 2671; x_wconf 87' lang='lat' dir='ltr'><strong>esse</strong></span> <span class='ocrx_word' id='word_1_170' title='bbox 2875 2610 3162 2696; x_wconf 89' lang='lat' dir='ltr'><strong>oportet</strong></span> <span class='ocrx_word' id='word_1_171' title='bbox 3191 2652 3210 2667; x_wconf 92' lang='lat'><strong>.</strong></span> 
     </span>
     <span class='ocr_line' id='line_1_20' title="bbox 1092 2710 3212 2813; baseline -0.001 -24"><span class='ocrx_word' id='word_1_172' title='bbox 1092 2712 1291 2789; x_wconf 88' lang='lat' dir='ltr'><strong>Nihil</strong></span> <span class='ocrx_word' id='word_1_173' title='bbox 1361 2726 1470 2786; x_wconf 90' lang='lat' dir='ltr'><strong>est</strong></span> <span class='ocrx_word' id='word_1_174' title='bbox 1526 2710 1722 2787; x_wconf 88' lang='lat' dir='ltr'><strong>enim</strong></span> <span class='ocrx_word' id='word_1_175' title='bbox 1768 2714 1965 2813; x_wconf 88' lang='lat' dir='ltr'><strong>quod</strong></span> <span class='ocrx_word' id='word_1_176' title='bbox 1999 2730 2074 2787; x_wconf 86' lang='lat' dir='ltr'><strong>tu</strong></span> <span class='ocrx_word' id='word_1_177' title='bbox 2107 2730 2226 2787; x_wconf 89' lang='lat' dir='ltr'><strong>aut</strong></span> <span class='ocrx_word' id='word_1_178' title='bbox 2246 2716 2610 2791; x_wconf 86' lang='lat' dir='ltr'><strong>honestius</strong></span> <span class='ocrx_word' id='word_1_179' title='bbox 2667 2731 2791 2789; x_wconf 88' lang='lat' dir='ltr'><strong>aut</strong></span> <span class='ocrx_word' id='word_1_180' title='bbox 2823 2716 3054 2788; x_wconf 84' lang='lat' dir='ltr'><strong>uerius</strong></span> <span class='ocrx_word' id='word_1_181' title='bbox 3087 2730 3212 2787; x_wconf 91' lang='lat' dir='ltr'><strong>aut</strong></span> 
     </span>
     <span class='ocr_line' id='line_1_21' title="bbox 1084 2830 3212 2939; baseline -0 -31"><span class='ocrx_word' id='word_1_182' title='bbox 1084 2834 1417 2910; x_wconf 85' lang='lat' dir='ltr'><strong>libentius</strong></span> <span class='ocrx_word' id='word_1_183' title='bbox 1448 2830 1521 2905; x_wconf 90' lang='lat' dir='ltr'><strong>in</strong></span> <span class='ocrx_word' id='word_1_184' title='bbox 1548 2834 1748 2906; x_wconf 90' lang='lat' dir='ltr'><strong>omni</strong></span> <span class='ocrx_word' id='word_1_185' title='bbox 1779 2836 1924 2907; x_wconf 84' lang='lat' dir='ltr'><strong>uita</strong></span> <span class='ocrx_word' id='word_1_186' title='bbox 1956 2849 2072 2909; x_wconf 88' lang='lat' dir='ltr'><strong>tua</strong></span> <span class='ocrx_word' id='word_1_187' title='bbox 2097 2833 2294 2909; x_wconf 87' lang='lat' dir='ltr'><strong>dicas</strong></span> <span class='ocrx_word' id='word_1_188' title='bbox 2314 2892 2336 2929; x_wconf 88' lang='lat'><strong>.‚</strong></span> <span class='ocrx_word' id='word_1_189' title='bbox 2373 2863 2590 2939; x_wconf 89' lang='lat' dir='ltr'><strong>quam</strong></span> <span class='ocrx_word' id='word_1_190' title='bbox 2615 2836 2812 2936; x_wconf 87' lang='lat' dir='ltr'><strong>quod</strong></span> <span class='ocrx_word' id='word_1_191' title='bbox 2834 2835 2925 2907; x_wconf 89' lang='lat' dir='ltr'><strong>ad</strong></span> <span class='ocrx_word' id='word_1_192' title='bbox 2952 2861 3212 2908; x_wconf 87' lang='lat' dir='ltr'><strong>ornan-</strong></span> 
     </span>
     <span class='ocr_line' id='line_1_22' title="bbox 1083 2950 3210 3057; baseline -0 -30"><span class='ocrx_word' id='word_1_193' title='bbox 1083 2955 1211 3029; x_wconf 86' lang='lat' dir='ltr'><strong>das</strong></span> <span class='ocrx_word' id='word_1_194' title='bbox 1243 2954 1465 3057; x_wconf 86' lang='lat' dir='ltr'><strong>patris</strong></span> <span class='ocrx_word' id='word_1_195' title='bbox 1516 2953 1621 3024; x_wconf 91' lang='lat' dir='ltr'><strong>tui</strong></span> <span class='ocrx_word' id='word_1_196' title='bbox 1656 2950 1902 3027; x_wconf 89' lang='lat' dir='ltr'><strong>laudes</strong></span> <span class='ocrx_word' id='word_1_197' title='bbox 1951 2954 2338 3052; x_wconf 88' lang='lat' dir='ltr'><strong>pertinebit</strong></span> <span class='ocrx_word' id='word_1_198' title='bbox 2365 3010 2382 3024; x_wconf 91' lang='lat'>.</span> <span class='ocrx_word' id='word_1_199' title='bbox 2427 2956 2688 3027; x_wconf 82' lang='lat' dir='ltr'><strong>Postea</strong></span> <span class='ocrx_word' id='word_1_200' title='bbox 2751 2979 2878 3050; x_wconf 87' lang='lat' dir='ltr'><strong>ego</strong></span> <span class='ocrx_word' id='word_1_201' title='bbox 2943 2977 3210 3051; x_wconf 87' lang='lat' dir='ltr'><strong>quam-</strong></span> 
     </span>
     <span class='ocr_line' id='line_1_23' title="bbox 1086 3070 3216 3177; baseline -0.004 -28"><span class='ocrx_word' id='word_1_202' title='bbox 1086 3103 1393 3177; x_wconf 84' lang='lat' dir='ltr'><strong>cumque</strong></span> <span class='ocrx_word' id='word_1_203' title='bbox 1456 3077 1733 3145; x_wconf 69' lang='grc' dir='ltr'><strong>ιῖιιόναἙ</strong></span> <span class='ocrx_word' id='word_1_204' title='bbox 1757 3072 1896 3147; x_wconf 89' lang='lat' dir='ltr'><strong>huc</strong></span> <span class='ocrx_word' id='word_1_205' title='bbox 1935 3070 2313 3167; x_wconf 78' lang='lat' dir='ltr'><strong>addidero,</strong></span> <span class='ocrx_word' id='word_1_206' title='bbox 2354 3099 2502 3145; x_wconf 86' lang='lat' dir='ltr'><strong>non</strong></span> <span class='ocrx_word' id='word_1_207' title='bbox 2539 3099 2758 3173; x_wconf 85' lang='lat' dir='ltr'><strong>aeque</strong></span> <span class='ocrx_word' id='word_1_208' title='bbox 2779 3070 3090 3172; x_wconf 83' lang='lat' dir='ltr'><strong>placebit</strong></span> <span class='ocrx_word' id='word_1_209' title='bbox 3117 3070 3216 3141; x_wconf 89' lang='lat' dir='ltr'><strong>ti-</strong></span> 
     </span>
     <span class='ocr_line' id='line_1_24' title="bbox 1077 3190 3212 3296; baseline -0.003 -23"><span class='ocrx_word' id='word_1_210' title='bbox 1077 3198 1155 3273; x_wconf 85' lang='lat' dir='ltr'><strong>bi</strong></span> <span class='ocrx_word' id='word_1_211' title='bbox 1179 3253 1202 3292; x_wconf 79' lang='lat'>‚</span> <span class='ocrx_word' id='word_1_212' title='bbox 1253 3211 1337 3271; x_wconf 91' lang='lat' dir='ltr'><strong>ut</strong></span> <span class='ocrx_word' id='word_1_213' title='bbox 1371 3198 1547 3271; x_wconf 85' lang='lat' dir='ltr'><strong>haec</strong></span> <span class='ocrx_word' id='word_1_214' title='bbox 1587 3221 1768 3296; x_wconf 87' lang='lat' dir='ltr'><strong>quae</strong></span> <span class='ocrx_word' id='word_1_215' title='bbox 1801 3196 1893 3269; x_wconf 91' lang='lat' dir='ltr'><strong>ad</strong></span> <span class='ocrx_word' id='word_1_216' title='bbox 1931 3210 2210 3296; x_wconf 87' lang='lat' dir='ltr'><strong>patrem</strong></span> <span class='ocrx_word' id='word_1_217' title='bbox 2241 3210 2456 3268; x_wconf 77' lang='lat' dir='ltr'><strong>&#39;tuum</strong></span> <span class='ocrx_word' id='word_1_218' title='bbox 2493 3193 2802 3295; x_wconf 88' lang='lat' dir='ltr'><strong>pertinet</strong></span> <span class='ocrx_word' id='word_1_219' title='bbox 2832 3225 2850 3263; x_wconf 71' lang='grc' dir='ltr'><em>ε</em></span> <span class='ocrx_word' id='word_1_220' title='bbox 2885 3206 3032 3265; x_wconf 88' lang='lat' dir='ltr'><strong>tam</strong></span> <span class='ocrx_word' id='word_1_221' title='bbox 3059 3190 3212 3267; x_wconf 83' lang='lat' dir='ltr'><strong>hoe</strong></span> 
     </span>
    </p>
   </div>
   <div class='ocr_carea' id='block_1_2' title="bbox 1250 3458 2238 3537">
    <p class='ocr_par' dir='ltr' id='par_1_2' title="bbox 1250 3458 2238 3537">
     <span class='ocr_line' id='line_1_25' title="bbox 1250 3458 2238 3537; baseline 0.005 -5"><span class='ocrx_word' id='word_1_222' title='bbox 1250 3468 1283 3501; x_wconf 64' lang='lat'><em>⁴</em></span> <span class='ocrx_word' id='word_1_223' title='bbox 1331 3470 1425 3533; x_wconf 85' lang='lat' dir='ltr'><em>M</em></span> <span class='ocrx_word' id='word_1_224' title='bbox 1456 3470 1539 3535; x_wconf 84' lang='lat' dir='ltr'><strong>In</strong></span> <span class='ocrx_word' id='word_1_225' title='bbox 1580 3468 1712 3537; x_wconf 78' lang='lat' dir='ltr'><strong>alio</strong></span> <span class='ocrx_word' id='word_1_226' title='bbox 1781 3463 2154 3537; x_wconf 86' lang='lat' dir='ltr'><strong>honorum.</strong></span> <span class='ocrx_word' id='word_1_227' title='bbox 2233 3458 2238 3463; x_wconf 39' lang='lat'>⁸</span> 
     </span>
    </p>
   </div>
   <div class='ocr_carea' id='block_1_3' title="bbox 1074 3700 3202 3913">
    <p class='ocr_par' dir='ltr' id='par_1_3' title="bbox 1074 3700 3202 3913">
     <span class='ocr_line' id='line_1_26' title="bbox 1144 3700 3202 3783; baseline -0.001 -29"><span class='ocrx_word' id='word_1_228' title='bbox 1144 3724 1181 3754; x_wconf 83' lang='lat' dir='ltr'><strong>a</strong></span> <span class='ocrx_word' id='word_1_229' title='bbox 1215 3700 1334 3756; x_wconf 85' lang='lat' dir='ltr'><strong>Cod.</strong></span> <span class='ocrx_word' id='word_1_230' title='bbox 1374 3714 1418 3756; x_wconf 70' lang='grc' dir='ltr'><strong>ι.</strong></span> <span class='ocrx_word' id='word_1_231' title='bbox 1446 3722 1597 3756; x_wconf 72' lang='lat' dir='ltr'><strong>manu</strong></span> <span class='ocrx_word' id='word_1_232' title='bbox 1616 3702 1867 3770; x_wconf 62' lang='lat' dir='ltr'><strong>frum-mm</strong></span> <span class='ocrx_word' id='word_1_233' title='bbox 1908 3707 2155 3783; x_wconf 55' lang='lat' dir='ltr'><strong>afletam</strong></span> <span class='ocrx_word' id='word_1_234' title='bbox 2184 3700 2488 3777; x_wconf 36' lang='lat' dir='ltr'><strong>aut-factum</strong></span> <span class='ocrx_word' id='word_1_235' title='bbox 2509 3741 2523 3756; x_wconf 86' lang='lat'><strong>.</strong></span> <span class='ocrx_word' id='word_1_236' title='bbox 2590 3704 2621 3756; x_wconf 82' lang='lat' dir='ltr'><em>b</em></span> <span class='ocrx_word' id='word_1_237' title='bbox 2657 3702 2778 3755; x_wconf 81' lang='lat' dir='ltr'><strong>cod.</strong></span> <span class='ocrx_word' id='word_1_238' title='bbox 2819 3718 2838 3751; x_wconf 85' lang='lat'>1</span> <span class='ocrx_word' id='word_1_239' title='bbox 2867 3721 3018 3753; x_wconf 78' lang='lat' dir='ltr'><strong>mnu</strong></span> <span class='ocrx_word' id='word_1_240' title='bbox 3047 3700 3156 3749; x_wconf 69' lang='lat' dir='ltr'><strong>sine</strong></span> <span class='ocrx_word' id='word_1_241' title='bbox 3184 3739 3202 3752; x_wconf 88' lang='lat'><strong>.</strong></span> 
     </span>
     <span class='ocr_line' id='line_1_27' title="bbox 1074 3770 3202 3847; baseline -0.001 -21"><span class='ocrx_word' id='word_1_242' title='bbox 1074 3792 1106 3826; x_wconf 82' lang='lat' dir='ltr'><strong>c</strong></span> <span class='ocrx_word' id='word_1_243' title='bbox 1138 3774 1255 3827; x_wconf 82' lang='lat' dir='ltr'><strong>eod.</strong></span> <span class='ocrx_word' id='word_1_244' title='bbox 1294 3790 1341 3829; x_wconf 78' lang='lat'><strong>².</strong></span> <span class='ocrx_word' id='word_1_245' title='bbox 1378 3794 1525 3825; x_wconf 76' lang='lat' dir='ltr'><strong>manu</strong></span> <span class='ocrx_word' id='word_1_246' title='bbox 1554 3779 1687 3831; x_wconf 75' lang='grc' dir='ltr'><strong><em>εἰιιε.</em></strong></span> <span class='ocrx_word' id='word_1_247' title='bbox 1755 3780 1794 3829; x_wconf 76' lang='lat' dir='ltr'><strong><em>d</em></strong></span> <span class='ocrx_word' id='word_1_248' title='bbox 1845 3780 1966 3831; x_wconf 80' lang='lat' dir='ltr'><strong>Cod-</strong></span> <span class='ocrx_word' id='word_1_249' title='bbox 1998 3780 2180 3847; x_wconf 72' lang='lat' dir='ltr'><strong>sequod</strong></span> <span class='ocrx_word' id='word_1_250' title='bbox 2202 3814 2218 3837; x_wconf 86' lang='lat'><strong>,</strong></span> <span class='ocrx_word' id='word_1_251' title='bbox 2269 3792 2374 3827; x_wconf 85' lang='lat' dir='ltr'><strong>tum</strong></span> <span class='ocrx_word' id='word_1_252' title='bbox 2435 3774 2629 3825; x_wconf 81' lang='lat' dir='ltr'><strong>uidetur</strong></span> <span class='ocrx_word' id='word_1_253' title='bbox 2673 3774 2857 3825; x_wconf 72' lang='lat' dir='ltr'><strong>fuctum</strong></span> <span class='ocrx_word' id='word_1_254' title='bbox 2906 3792 2992 3825; x_wconf 73' lang='lat' dir='ltr'><strong>seu</strong></span> <span class='ocrx_word' id='word_1_255' title='bbox 3027 3770 3202 3839; x_wconf 75' lang='lat' dir='ltr'><strong>quod.</strong></span> 
     </span>
     <span class='ocr_line' id='line_1_28' title="bbox 1074 3842 3200 3913; baseline -0 -17"><span class='ocrx_word' id='word_1_256' title='bbox 1074 3864 1102 3895; x_wconf 82' lang='lat' dir='ltr'><strong>e</strong></span> <span class='ocrx_word' id='word_1_257' title='bbox 1148 3849 1221 3901; x_wconf 76' lang='lat' dir='ltr'><strong>It.</strong></span> <span class='ocrx_word' id='word_1_258' title='bbox 1260 3842 1368 3897; x_wconf 85' lang='lat' dir='ltr'><strong>cod.</strong></span> <span class='ocrx_word' id='word_1_259' title='bbox 1403 3864 1493 3913; x_wconf 83' lang='lat' dir='ltr'><strong>pro</strong></span> <span class='ocrx_word' id='word_1_260' title='bbox 1530 3846 1820 3899; x_wconf 63' lang='lat' dir='ltr'><strong>beleun-um.</strong></span> <span class='ocrx_word' id='word_1_261' title='bbox 1855 3850 2032 3903; x_wconf 75' lang='lat' dir='ltr'><strong>Confer</strong></span> <span class='ocrx_word' id='word_1_262' title='bbox 2061 3852 2160 3903; x_wconf 85' lang='lat' dir='ltr'><strong>Cic.</strong></span> <span class='ocrx_word' id='word_1_263' title='bbox 2199 3846 2260 3897; x_wconf 83' lang='lat' dir='ltr'><strong>de</strong></span> <span class='ocrx_word' id='word_1_264' title='bbox 2289 3864 2389 3913; x_wconf 83' lang='lat' dir='ltr'><strong>rep.</strong></span> <span class='ocrx_word' id='word_1_265' title='bbox 2434 3846 2530 3899; x_wconf 86' lang='lat'>111.</span> <span class='ocrx_word' id='word_1_266' title='bbox 2566 3859 2626 3896; x_wconf 86' lang='lat'><strong>11.</strong></span> <span class='ocrx_word' id='word_1_267' title='bbox 2675 3862 2790 3895; x_wconf 79' lang='lat' dir='ltr'><strong>eum</strong></span> <span class='ocrx_word' id='word_1_268' title='bbox 2829 3845 3200 3897; x_wconf 73' lang='lat' dir='ltr'><strong>nddinmentio.</strong></span> 
     </span>
    </p>
   </div>
   <div class='ocr_carea' id='block_1_4' title="bbox 1062 3908 2393 4006">
    <p class='ocr_par' dir='ltr' id='par_1_4' title="bbox 1062 3908 2393 4006">
     <span class='ocr_line' id='line_1_29' title="bbox 1062 3908 2393 4006; baseline 0.002 -25"><span class='ocrx_word' id='word_1_269' title='bbox 1062 3930 1206 4006; x_wconf 74' lang='lat' dir='ltr'><strong>fIta</strong></span> <span class='ocrx_word' id='word_1_270' title='bbox 1236 3946 1283 3980; x_wconf 79' lang='lat'><strong>2.</strong></span> <span class='ocrx_word' id='word_1_271' title='bbox 1315 3908 1568 3993; x_wconf 58' lang='lat' dir='ltr'><strong>manunt</strong></span> <span class='ocrx_word' id='word_1_272' title='bbox 1606 3948 1649 3981; x_wconf 84' lang='grc' dir='ltr'><strong>ι.</strong></span> <span class='ocrx_word' id='word_1_273' title='bbox 1684 3932 1872 3987; x_wconf 72' lang='grc' dir='ltr'><em>αΙίεαν.</em></span> <span class='ocrx_word' id='word_1_274' title='bbox 1938 3952 1980 4004; x_wconf 81' lang='lat' dir='ltr'><em>g</em></span> <span class='ocrx_word' id='word_1_275' title='bbox 2015 3934 2136 3985; x_wconf 74' lang='lat' dir='ltr'><strong>Cod.</strong></span> <span class='ocrx_word' id='word_1_276' title='bbox 2164 3942 2342 3985; x_wconf 65' lang='lat' dir='ltr'><strong>nova</strong></span> <span class='ocrx_word' id='word_1_277' title='bbox 2375 3962 2393 3983; x_wconf 83' lang='grc'><strong>.</strong></span> 
     </span>
    </p>
   </div>
   <div class='ocr_carea' id='block_1_5' title="bbox 1154 4081 3196 4201">
    <p class='ocr_par' dir='ltr' id='par_1_5' title="bbox 1154 4081 3196 4201">
     <span class='ocr_line' id='line_1_30' title="bbox 1154 4081 3196 4201; baseline 0.006 -30"><span class='ocrx_word' id='word_1_278' title='bbox 1154 4132 1176 4167; x_wconf 78' lang='lat'>1</span> <span class='ocrx_word' id='word_1_279' title='bbox 1230 4113 1379 4171; x_wconf 84' lang='lat' dir='ltr'><strong>Num</strong></span> <span class='ocrx_word' id='word_1_280' title='bbox 1430 4117 1645 4174; x_wconf 84' lang='lat' dir='ltr'><strong>Fronto</strong></span> <span class='ocrx_word' id='word_1_281' title='bbox 1721 4115 1958 4195; x_wconf 81' lang='lat' dir='ltr'><strong>respicit</strong></span> <span class='ocrx_word' id='word_1_282' title='bbox 2012 4104 2090 4177; x_wconf 40' lang='lat' dir='ltr'><strong>a&#39;d</strong></span> <span class='ocrx_word' id='word_1_283' title='bbox 2169 4117 2448 4181; x_wconf 74' lang='lat' dir='ltr'><strong>Aemi-iae</strong></span> <span class='ocrx_word' id='word_1_284' title='bbox 2469 4081 2820 4181; x_wconf 53' lang='lat' dir='ltr'><strong>dis&#39;cordiam</strong></span> <span class='ocrx_word' id='word_1_285' title='bbox 2845 4164 2864 4191; x_wconf 89' lang='lat'>,</span> <span class='ocrx_word' id='word_1_286' title='bbox 2899 4138 3072 4201; x_wconf 76' lang='lat' dir='ltr'><strong>qum</strong></span> <span class='ocrx_word' id='word_1_287' title='bbox 3103 4115 3196 4183; x_wconf 80' lang='lat' dir='ltr'><strong>ui-</strong></span> 
     </span>
    </p>
   </div>
   <div class='ocr_carea' id='block_1_6' title="bbox 932 4194 2896 4287">
    <p class='ocr_par' dir='ltr' id='par_1_6' title="bbox 932 4194 2896 4287">
     <span class='ocr_line' id='line_1_31' title="bbox 932 4194 2896 4287; baseline 0.001 -27"><span class='ocrx_word' id='word_1_288' title='bbox 932 4228 941 4233; x_wconf 82' lang='lat'>·</span> <span class='ocrx_word' id='word_1_289' title='bbox 1060 4194 1525 4277; x_wconf 67' lang='lat' dir='ltr'><strong>geogmphorum</strong></span> <span class='ocrx_word' id='word_1_290' title='bbox 1558 4201 1846 4279; x_wconf 81' lang='lat' dir='ltr'><strong>quandam</strong></span> <span class='ocrx_word' id='word_1_291' title='bbox 1869 4204 1944 4265; x_wconf 82' lang='lat' dir='ltr'><strong>de</strong></span> <span class='ocrx_word' id='word_1_292' title='bbox 1975 4201 2092 4264; x_wconf 81' lang='lat' dir='ltr'><strong>situ</strong></span> <span class='ocrx_word' id='word_1_293' title='bbox 2173 4204 2324 4268; x_wconf 75' lang='lat' dir='ltr'><strong>desis</strong></span> <span class='ocrx_word' id='word_1_294' title='bbox 2357 4206 2517 4287; x_wconf 75' lang='lat' dir='ltr'><strong>apud</strong></span> <span class='ocrx_word' id='word_1_295' title='bbox 2545 4204 2896 4272; x_wconf 61' lang='lat' dir='ltr'><strong>Cella-iuml</strong></span> 
     </span>
    </p>
   </div>
  </div>
 </body>
</html>
