3384 5134
594 577 737 649 -M·
788 575 1267 652 CORNELII
1334 575 1812 654 FRONTON
1813 580 1900 655 IS
2165 462 2314 600 3'37

614 787 1239 852 DISPUTATIONES
1314 790 1894 854 GRAMMATICAE

785 965 941 1004 nun
995 967 1257 1005 ostrum
1290 967 1722 1008 sonamus.

233 1139 333 1192 De
361 1137 671 1212 gener-ibus
701 1141 963 1198 colorum
994 1141 1409 1222 uocabulisque
1436 1163 1637 1202 eorum
1666 1147 1894 1220 graecis
1923 1153 1979 1203 et
2011 1145 2214 1202 latmi-5
2233 1184 2249 1202 .

275 1269 687 1392 Fauonium
719 1331 1144 1411 philosophus,
1190 1355 1321 1396 cum
1355 1337 1432 1397 ad
1483 1339 1581 1392 M.
1632 1338 1986 1400 Frontonem
2033 1332 2302 1397 consula-

194 1413 325 1486 rem
347 1429 597 1506 pedibus
626 1453 871 1510 aegrum
914 1435 1101 1492 uisum
1132 1435 1243 1492 iret
1260 1445 1383 1510 (a),
1426 1437 1619 1495 uoluit
1660 1457 1754 1494 me
1787 1459 2014 1516 quoque
2047 1439 2126 1496 ad
2176 1459 2324 1510 eum,

198 1544 393 1582 secum
426 1527 547 1583 ire:
585 1550 653 1586 ae
687 1529 902 1588 deinde
947 1552 1076 1590 cum
1109 1533 1191 1592 ibi
1236 1547 1377 1612 aput
1432 1537 1788 1592 Frontonem
1823 1537 2122 1614 plerisque
2167 1535 2310 1593 uiris

198 1621 391 1679 doctis
404 1626 1131 1701 praesentibm„sermones
1153 1633 1227 1688 de
1248 1631 1541 1690 coloribus
1560 1633 1974 1709 uocabulisque
1995 1655 2194 1691 eorum
2215 1633 2308 1705 (b)

192 1721 592 1798 agitarentur,
644 1727 802 1802 quod
837 1728 1139 1806 multiplex
1178 1731 1439 1790 colorum
1474 1731 1650 1788 facies
1668 1773 1687 1800 ,
1747 1729 2168 1808 appellationes
2201 1749 2312 1784 au-

194 1834 317 1880 tem
349 1824 603 1888 incertae
645 1841 701 1883 et
745 1829 979 1906 exiguae
1013 1831 1237 1888 forent:
1293 1832 1463 1908 plura
1510 1844 1679 1901 sunt,
1722 1831 1912 1910 inquit
1951 1828 2310 1895 Fauorinus,

195 1917 261 1973 in
294 1921 550 1978 sensibus
582 1921 884 1981 oculorum
904 1967 919 1992 ,
973 1945 1142 2000 quam
1180 1926 1239 1986 in
1273 1927 1467 1984 uerbis
1501 1927 1854 2002 uocibusque
1901 1923 2160 1982 colorum
2195 1921 2312 1982 dis-

200 2015 477 2074 crimina.
538 2021 685 2078 Nam
720 2033 783 2077 ut
820 2021 960 2078 alias
995 2045 1194 2081 eorum
1230 2024 1642 2084 concinnitates
1675 2023 2006 2083 omittamus
2025 2064 2044 2090 ‚
2079 2019 2313 2098 simpli-

198 2135 295 2173 ces
336 2115 429 2174 isti
482 2131 538 2174 et
588 2118 697 2175 rufi
749 2133 804 2177 et
839 2121 1071 2178 'uirides
1116 2122 1336 2180 colores
1359 2167 1378 2193 ‚
1424 2123 1651 2200 singula
1694 2121 1935 2200 quidem
1985 2119 2268 2177 uocabula
2285 2109 2320 2187 ,¹

200 2211 415 2270 multas
465 2228 655 2272 autem
704 2217 925 2293 species
994 2219 1323 2278 differentes
1372 2219 1625 2282 hahent.
1682 2222 1872 2296 Atque
1933 2239 2059 2274 eam
2101 2235 2311 2276 uocum

196 2312 456 2390 inopiam
489 2313 550 2368 in
582 2311 781 2390 lingua
821 2315 1006 2392 magis
1054 2316 1234 2373 latina
1285 2316 1459 2374 uideo
1484 2360 1502 2384 ,
1537 2337 1709 2394 quam
1751 2315 1812 2371 in
1831 2334 2070 2392 graeca:
2095 2312 2316 2400 quippe,

198 2413 301 2490 qui
355 2413 516 2470 rusus
562 2411 763 2480 color,
817 2435 850 2468 a
901 2413 1115 2471 rubore
1177 2415 1415 2498 quidem
1477 2413 1808 2492 appellatus
1857 2424 1979 2469 est:
2025 2409 2132 2468 sed
2182 2429 2313 2466 eum

196 2509 373 2568 aliter
405 2509 610 2568 rubeat
659 2511 811 2588 ignis
831 2555 851 2581 ,
893 2512 1065 2571 aliter
1099 2513 1329 2590 sanguis
1351 2556 1371 2582 ,
1424 2511 1595 2569 aliter
1662 2523 1884 2568 ostrum
1907 2555 1924 2580 ,
1974 2509 2143 2566 aliter
2181 2528 2314 2566 cro—

200 2625 333 2664 cum
357 2647 375 2670 ,
416 2604 523 2662 has
566 2605 823 2679 singulas
854 2606 965 2664 rufi
1000 2607 1309 2666 uarietates
1351 2607 1533 2665 latina
1568 2607 1754 2670 oratio
1799 2593 2042 2680 singulis
2073 2604 2317 2683 propri-

198 2703 365 2779 isque
412 2700 713 2759 uocabulis
771 2723 884 2760 non
930 2703 1323 2772 demonstrat,
1366 2703 1671 2780 omniaque
1719 2703 1827 2759 ista
1870 2699 2158 2779 significat
2201 2719 2316 2756 una

198 2799 435 2857 ruboris
473 2797 899 2875 appellatione,
944 2797 1121 2875 quum
1166 2811 1357 2855 tamen
1392 2819 1465 2856 ex
1499 2799 1639 2875 ipsis
1682 2800 1857 2857 rebus
1887 2795 2176 2856 uocabula
2213 2816 2318 2853 co-

195 2897 393 2954 lorum
440 2909 737 2953 mutuetur
754 2923 772 2966 3
830 2909 887 2954 et
938 2897 1171 2972 igneum
1222 2895 1452 2973 aliquid
1519 2897 1702 2967 dicit,
1749 2907 1807 2953 et
1849 2895 2211 2962 flammeunn
2258 2907 2316 2950 et

196 2994 611 3069 sanguineum,
654 3007 711 3050 et
737 3015 1037 3064 croceum·,
1074 3009 1133 3052 et
1165 2995 1444 3054 ostrinum
1464 3041 1483 3067 ‚
1518 3009 1576 3055 et
1600 3016 1836 3054 aureum
1859 3039 1872 3051 .
1915 2995 2133 3050 Russus
2162 2991 2314 3049 enim

200 3089 400 3158 color,
451 3103 509 3146 et
551 3091 731 3148 ruber
762 3090 909 3148 nihil
946 3113 979 3148 a
1013 3092 1209 3150 colore
1241 3091 1353 3149 rufi
1387 3093 1665 3151 differunt
1697 3133 1716 3160 ,
1760 3107 1948 3164 neque
1978 3089 2320 3165 propriata-³

198 3203 287 3248 tes
323 3192 445 3248 eius
485 3209 679 3248 omnes
724 3188 1061 3260 declarant3
1104 3187 1350 3280 ξανᾶδς
1381 3213 1574 3260 autem
1608 3209 1667 3254 et
1716 3187 1980 3278 ι’ρυθῃδς
2004 3236 2026 3263 ,
2070 3205 2128 3249 et
2161 3188 2317 3274 πυρ..

198 3285 305 3382 ῥδς
324 3342 345 3370 ,
396 3311 454 3356 et
485 3291 689 3384 φοῗνιξ
720 3299 939 3357 habere
971 3301 1249 3376 quasdam
1285 3301 1588 3360 distantias
1624 3297 1838 3357 coloris
1871 3296 1982 3354 rufi
2033 3294 2312 3354 uidentur

200 3395 299 3452 uel
353 3409 627 3474 augentes
668 3417 836 3465 eum,
880 3394 977 3453 uel
1030 3395 1426 3465 remittentes,
1472 3393 1567 3452 uel
1618 3393 1795 3449 mixta
1838 3389 2088 3469 quadam
2125 3390 2318 3468 speeie

203 3505 590 3571 temperantes
610 3534 627 3550 .
702 3497 853 3552 Tum
900 3493 1119 3548 Fronto
1153 3491 1231 3554 ad
1293 3494 1341 3550 F
1347 3490 1689 3558 auori'num3
1735 3489 1868 3547 Non
1916 3487 2138 3546 inficias
2156 3531 2176 3558 ,
2217 3487 2322 3544 inq

256 3699 293 3729 a
326 3681 405 3734 Ita
436 3677 546 3728 cod.
586 3675 685 3750 pul.
737 3679 807 3728 At
844 3673 960 3726 edd,
991 3676 1173 3726 uiseret
1192 3707 1206 3722 .
1278 3674 1311 3735 ᾖ
1346 3677 1595 3726 Hactenus
1648 3672 1977 3748 fragmentum
2027 3672 2208 3722 codicis
2244 3691 2339 3746 pa·-

180 3749 325 3806 latini
351 3785 367 3799 .

280 3945 302 3980 ι
350 3921 539 3980 Huius
596 3919 799 3997 capitis
844 3931 1041 3997 partes
1101 3917 1219 3976 ali-
1300 3937 1411 3993 que
1432 3915 1746 3975 uarietates
1781 3917 2056 3974 adscribo
2079 3957 2092 3970 .
2119 3918 2206 3974 De
2231 3936 2343 3992 pa·-

182 4018 331 4084 quot
372 4003 589 4064 contuli
643 4024 771 4060 cum
821 4001 1217 4078 antiquissimo
1298 3999 1599 4076 limpsesto
1628 4001 1742 4058 illo
1776 4036 1796 4068 ,-
1833 4001 1914 4056 ad
1966 3999 2146 4060 Gellii
2179 4000 2345 4074 frag-

178 4095 513 4164 fragmento
559 4085 801 4164 palatini
851 4083 1215 4162 Palimpsesti
1293 4097 1487 4139 menta
1524 4084 1688 4161 quod
1731 4083 2003 4152 adtinet,
2045 4082 2182 4140 satis
2223 4079 2346 4146 dixi

180 4171 403 4233 litteris
432 4170 759 4230 uncialibus
790 4167 1021 4251 scripti,
1060 4168 1215 4231 eius-
1296 4165 1377 4226 ad
1408 4165 1531 4230 Cic·
1588 4167 1663 4228 de
1700 4187 1828 4245 rep.
1880 4167 1988 4230 111.
2035 4187 2132 4226 αι.

316 4316 495 4396 Vol.
551 4317 668 4392 II.
1723 4339 1822 4392 22

2491 1345 2616 1400 Gen.
2655 1348 2734 1398 11·

2501 1422 2584 1470 26.
2619 1415 2710 1486 (1)
