3384 5134
1164 463 1314 537 260
1786 488 1879 537 An
1967 487 2407 538 ‚tw-romaum
2466 488 2649 536 pum

1139 610 1432 658 munere
1457 594 1477 631 ¹
1505 638 1526 678 .,
1567 589 1674 656 res
1707 581 1866 685 ipsa
1894 586 2091 657 testis
2124 598 2235 657 est
2262 640 2280 655 .
2337 584 2520 657 Nam
2562 598 2633 655 et
2666 582 2755 656 de
2788 582 2936 655 iure
2969 582 3263 655 sortien-

1089 788 1096 795 ,
1138 702 1264 799 di,
1333 700 1576 805 quoad
1609 702 1969 774 incertum
2024 700 2203 795 fuit,
2256 700 2704 801 disceptum,
2758 712 2831 771 et
2883 714 3265 800 postquam

1135 822 1292 897 iure
1334 821 1733 895 liberorum
1771 824 1975 921 prior
2008 818 2188 895 alius
2224 824 2599 923 apparuit,
2652 846 2815 894 eam
2866 845 3049 919 quae
3094 818 3269 891 mihi

1137 942 1482 1015 remansit
1510 938 2171 1041 splendidissimam
2208 942 2665 1040 prouinciam
2690 994 2709 1029 ,
2734 966 2875 1041 pro
2898 938 3119 1011 electa
3149 938 3267 1009 ha·-

723 1078 767 1123 *
833 1083 942 1191 Q
1139 1058 1316 1133 bui.
1346 1058 1521 1133 Post
1547 1052 1672 1131 illa
1693 1050 2253 1161 quae[cumque]
2293 1057 2387 1131 ad
2417 1050 2962 1132 instruendam*
2978 1056 3269 1157 prouin-

659 1210 950 1297 XXX·
1000 1218 1032 1258 2
1139 1180 1334 1254 ciam
1363 1180 1810 1274 adtinerent‚
1866 1206 2011 1280 quo
2052 1175 2331 1251 facilius
2356 1207 2397 1252 a
2432 1204 2547 1252 me
2588 1190 2777 1251 tanta
2828 1178 3111 1276 negotia
3148 1203 3266 1276 per

1137 1302 1540 1376 amicorum
1566 1300 1813 1400 copias
1836 1299 2254 1396 obirentur,
2308 1298 2558 1373 sedulo
2584 1299 3265 1401 praepamui.P1-o-

1133 1420 1446 1520 pinquos
1477 1428 1550 1489 et
1585 1415 1864 1488 amicos
1904 1440 2107 1488 meos
2132 1472 2156 1510 ‚
2214 1442 2521 1518 quorum
2554 1416 2773 1490 fidem
2812 1430 2886 1489 et
2915 1418 3265 1515 integrita-

1135 1554 1841 1637 temcognoueram,
1878 1528 2161 1623 domo3
2184 1538 2415 1610 acciui
2442 1592 2461 1609 .
2503 1536 3013 1611 Alexandriam
3048 1538 3143 1611 ad
3172 1538 3267 1609 fa-

1134 1656 1446 1731 miliares
1485 1684 1685 1732 meos
1728 1658 1996 1795 scripsi
2020 1656 2051 1719 4
2080 1674 2160 1731 ut
2198 1660 2511 1733 Athenas
2546 1658 2995 1751 festina1·‚ent
3040 1660 3265 1761 ibique

1129 1802 1247 1851 me
1281 1780 1784 1879 opperirentur
1807 1792 1835 1825 ³
1870 1832 1891 1871 ‚
1948 1776 2246 1878 iisque
2210 1802 2617 1851 vraecarum
2642 1778 3125 1878 epistularum
3152 1804 3271 1851 cu·

1128 1924 1285 1971 ram
1316 1882 1762 1973 doctissimis
1799 1897 1971 1969 uiris
2008 1890 2269 1970 detuli.
2328 1900 2443 1971 Ex
2471 1895 2723 1969 Cilicia
2762 1898 2979 1971 etiam
3022 1898 3261 2000 splen·

1129 2021 1344 2095 didos
1381 2022 1626 2113 uiros,
1685 2018 1885 2120 quod
1924 2044 2177 2117 magna
2218 2020 2456 2091 mihi
2436 2045 2506 2091 m
2549 2046 2623 2091 ea
2664 2020 3039 2118 prouincia
3082 2022 3265 2092 ami-

1129 2166 1387 2215 corum
1437 2140 1652 2241 copia
1689 2154 1800 2211 est
1834 2192 1855 2231 ‚
1914 2161 2085 2209 cum
2126 2136 2419 2237 publice
2455 2135 2939 2237 priuatimque
2988 2164 3269 2239 semper

1126 2263 1409 2362 negotia
1435 2262 1749 2337 Cilicum
1774 2258 1971 2360 apud
2000 2274 2063 2331 tc
2096 2259 2534 2333 defenderim
2564 2316 2583 2351 ,
2642 2274 2723 2332 ut
2755 2259 3081 2332 uenirent
3104 2260 3269 2331 hor-

1127 2398 1318 2456 tatus
1349 2404 1515 2454 sum
1541 2434 1558 2451 .
1609 2380 1731 2451 Ex
1768 2378 2193 2451 Mauretania
2236 2404 2521 2477 quoque
2562 2378 2799 2450 uirum
2852 2380 3267 2450 amantissi-

1125 2530 1334 2576 mum
1365 2500 1689 2601 mihique
1716 2516 1970 2573 mutuo
2004 2522 2254 2573 carum
2284 2496 2549 2571 Iulium
2581 2480 2831 2571 Senem
2858 2498 2947 2570 ad
2988 2526 3111 2571 me
3145 2528 3269 2573 uo·

1129 2622 1340 2715 caui,
1395 2621 1600 2693 cuius
1653 2646 1802 2693 non
1850 2614 2074 2691 modo
2112 2618 2247 2691 side
2307 2632 2379 2692 et
2413 2614 2827 2717 diligentia,
2886 2618 3013 2691 sed
3054 2622 3264 2693 etiam

1127 2737 1423 2813 militari
1473 2738 1825 2813 industria
1866 2739 2057 2810 circa
2088 2737 2532 2853 quaerendos
2566 2754 2636 2811 et
2666 2738 3146 2812 continendos
3168 2740 3263 2811 la-

1130 2873 1365 2931 trones
1388 2846 1803 2929 adiuuaret.
1862 2856 2057 2928 Haec
2107 2856 2351 2927 omnia
2393 2856 2531 2929 feci
2571 2884 2695 2956 spe
2730 2856 2945 2931 fretus
2976 2914 2997 2949 ,
3058 2886 3229 2958 pos
3206 2888 3260 2929 e

1127 3002 1250 3051 me
1287 2978 1488 3049 uictu
1525 2975 1721 3049 tenui
1756 2987 1829 3048 et
1876 3002 2060 3075 aqua
2092 2972 2413 3075 potanda
2446 2976 2709 3049 malam
2734 2976 3255 3069 ualetudinem,

1131 3126 1274 3198 qua
1327 3097 1751 3199 impedior,
1808 3098 1868 3170 si
1938 3122 2078 3170 non
2124 3096 2422 3169 omnino
2478 3098 2777 3191 sedare,
2836 3086 3125 3200 ce1[te]
3184 3099 3261 3169 ad

1139 3210 1173 3321 [
1207 3212 1500 3320 maius]
1542 3193 2003 3295 interuallum
2062 3208 2335 3325 [eius]
2373 3218 2683 3319 impetus
2742 3219 3113 3319 mitigare.
3166 3221 3261 3292 Ita

1235 3420 1274 3454 a
1307 3400 1526 3456 Sebeda
1567 3403 1919 3475 aperie-enmo-

1223 3585 1244 3627 ι
1296 3568 1530 3646 Leg'esis
1563 3572 1639 3629 ad
1675 3574 2163 3653 ·M·caes.v.37.
2246 3568 2341 3629 liis
2386 3572 2460 3629 εἷο
2510 3572 2867 3631 orationibus
2898 3576 3059 3650 quod
3104 3594 3271 3650 argn-

1151 3682 1158 3691 ·
1215 3673 1248 3709 2
1301 3656 1384 3709 lta
1407 3654 1547 3709 mihi
1570 3655 1658 3712 bis
1683 3654 2043 3713 confirmauit
2088 3656 2170 3713 le·-
2248 3668 2497 3727 mentum
2516 3658 2705 3715 simile
2723 3670 2805 3715 est
2832 3656 2921 3714 illi
2942 3658 3081 3715 libri
3116 3677 3271 3735 prae-

1131 3734 1190 3807 gi
1221 3733 1276 3789 in
1299 3735 1499 3793 codice
1535 3758 1588 3803 u.
1610 3737 1680 3793 cl.
1709 3738 1773 3795 P.
1802 3737 2161 3795 Mazzuchel-
2244 3738 2502 3795 cedentis
2523 3782 2537 3807 ‚
2574 3740 2635 3795 in
2678 3762 2790 3817 quo
2830 3752 2915 3797 est
2962 3756 3101 3799 nota
3134 3760 3275 3817 qua·

1129 3814 1222 3872 lus
1245 3858 1258 3871 .
1299 3820 1490 3888 Quare
1519 3818 1715 3875 nullus
1742 3818 1946 3877 dubito
1964 3862 1982 3888 ,
2028 3822 2167 3897 quin
2246 3820 2521 3879 ternionis
2558 3844 2759 3883 xxvn.

1132 3898 1405 3955 mendum
1425 3900 1502 3957 sit
1525 3900 1871 3959 schedarum
1890 3922 2163 3972 mearum,
2328 3904 2363 3961 3
2410 3906 2629 3981 Nempe
2662 3905 2824 3964 Cirta
2848 3946 2863 3961 .

1131 3982 1233 4037 ubi
1268 3980 1400 4057 lego
1459 4004 1642 4043 xxxx.
1681 3982 1947 4043 Profecto
1980 3987 2169 4043 minor
2330 3990 2364 4054 4
2408 3986 2556 4045 Hinc
2588 3987 2756 4047 facile
2788 3988 3055 4049 uidemus
3098 3990 3273 4045 Pron-

1133 4062 1236 4119 ille
1257 4084 1522 4123 numerus
1560 4088 1680 4123 xxx
1718 4065 1833 4137 hoc
1852 4068 2024 4125 etiam
2059 4090 2169 4125 no-
2252 4080 2475 4137 tonem,
2496 4070 2705 4128 studiis
2724 4071 2840 4129 suis
2858 4072 3099 4129 fortasse
3116 4070 3269 4127 obse-

1131 4144 1283 4200 mine
1317 4147 1510 4204 uerior
1549 4161 1630 4205 est
1664 4148 1823 4224 quod
1856 4150 1993 4209 solla
2026 4151 2164 4209 libri
2248 4152 2459 4227 quendi
2489 4172 2653 4209 causa
2676 4196 2693 4221 ,
2730 4154 3110 4215 Alexandriae
3130 4152 3265 4213 olim

1129 4226 1210 4287 ad
1243 4226 1412 4291 Pium
1445 4242 1861 4303 connectuntur
1900 4254 2029 4295 cum
2082 4235 2169 4295 so-
2248 4234 2421 4297 suisne
2456 4250 2740 4297 uersatum
2763 4277 2780 4295 .
