3384 5134
1076 398 1181 489 5⁸
1684 428 1804 485 An
1881 432 1997 484 m*
2077 418 2617 487 eAtsannr

2205 558 2227 622 Χ

1767 672 1886 723 11.
1963 670 2257 724 »omno
2313 674 2468 723 uno
2503 694 2526 720 0

1278 880 1641 967 Gna-rura
1701 916 1942 965 meam
1987 884 2158 965 misi
2226 889 2323 964 ad
2355 889 2550 963 diem
2606 884 2910 963 natalem
2969 881 3220 961 matris

1068 1018 1231 1085 tuae
1296 1010 1804 1084 celebrandum
1840 1067 1862 1107 ‚
1898 1012 2105 1113 eique
2131 1013 2467 1114 praecepi
2498 1026 2581 1085 ut
2611 1012 2777 1085 istic
2808 1012 3222 1086 subsisteret

948 1158 955 1167 ·
1071 1128 1318 1233 quoad
1348 1155 1478 1228 ego
1527 1130 1848 1203 uenirem
1881 1187 1900 1202 .
1955 1130 2244 1205 Eodem
2285 1145 2526 1205 autem
2581 1145 2961 1207 momento
2989 1186 3012 1225 ,
3069 1154 3219 1229 quo

1066 1248 1529 1327 consulatum
1560 1250 1926 1323 eiurauero
1957 1262 1976 1297 ¹
2015 1306 2039 1346 .,
2095 1250 2513 1325 uehiculum
2563 1250 3088 1344 conscendam,
3143 1262 3221 1321 et

1065 1372 1161 1447 ad
1194 1390 1326 1446 uos
1359 1372 1758 1473 peruolabo
1779 1430 1796 1443 .
1850 1374 2152 1447 Interim
2179 1358 2466 1449 Gratiae
2495 1400 2692 1448 meae
2715 1372 2998 1446 nullum
3030 1400 3072 1445 a
3109 1362 3218 1443 fa'-

1064 1500 1184 1569 nie
1206 1474 1611 1594 periculum
1650 1494 1803 1567 fore
1847 1492 1990 1565 fide
2047 1520 2204 1566 mea
2271 1494 2641 1596 spopondi
2671 1528 2690 1565 ε
2730 1506 2962 1566 mater
3017 1491 3216 1581 enim

1062 1628 1184 1688 tna
1238 1614 1624 1714 particulas
1678 1642 1720 1687 a
1765 1628 1836 1687 te
1891 1613 2030 1687 sibi
2074 1616 2332 1691 missas
2383 1641 2554 1691 cum
2591 1610 2848 1689 clienta
2873 1638 3220 1689 ‘commu-

1060 1732 1340 1807 nicabit
1380 1780 1400 1803 -.
1455 1732 1706 1835 Neque
1761 1746 1874 1807 est
1937 1735 2185 1809 Gratia
2249 1760 2408 1809 mea
2445 1786 2468 1831 ‚
2523 1750 2606 1808 ut
2675 1731 3218 1807 causidicorum

1060 1878 1324 1927 uxores
1382 1852 1716 1927 feruntur,
1739 1909 1764 1950 ‚
1805 1852 2020 1930 multi
2053 1858 2201 1931 cibi
2230 1890 2252 1929 ε
2303 1857 2418 1931 uel
2451 1854 2719 1932 osculis
2768 1854 3024 1929 matris
3057 1871 3216 1929 tuae

1058 1989 1395 2049 contenta
1428 1976 1565 2048 erit
1596 1988 1629 2024 ὃ
1650 2026 1673 2049 .
1727 1974 1867 2048 Sed
1893 1976 2092 2050 enim
2124 1975 2301 2077 quid
2331 2003 2449 2051 me
2482 1978 2603 2051 fiet
2635 1968 2678 2049 ?
2731 1976 2839 2048 Ne
2879 1972 3216 2049 osculum

1058 2094 1352 2195 quidem
1400 2120 1706 2196 usquam
1743 2092 1977 2167 ullum
2015 2109 2127 2169 est
2157 2096 2433 2169 Romae
2479 2088 2843 2169 residuum
2872 2149 2889 2165 .
2937 2095 3213 2167 Omnes

1057 2236 1259 2288 meae
1292 2214 1616 2289 fortunae
1646 2228 1720 2287 et
1755 2207 1793 2264 ¹²
1825 2218 1984 2289 m'ea
2025 2214 2270 2289 omnia
2322 2215 2570 2315 gaudia
2631 2214 2938 2317 Neapoli
2997 2226 3166 2287 sunt
3191 2267 3212 2283 .

1058 2334 1215 2429 Qro
1250 2347 1281 2383 ‘²
1318 2342 1386 2408 te
1422 2392 1445 2431 ,
1510 2338 1689 2436 quis,
1727 2328 1862 2409 iste
1901 2356 2066 2409 mos
2103 2348 2212 2410 est
2247 2336 2484 2438 pridie
2541 2336 2996 2434 magistratus
3063 2336 3219 2407 eiu-

1056 2448 1330 2528 randi?
1374 2448 1569 2545 Quid
1616 2454 1818 2555 quod
1851 2479 1983 2551 ego
2015 2468 2310 2557 'paratus
2342 2482 2504 2529 sum
2525 2512 2546 2551 .,
2585 2456 2763 2529 dum
2791 2472 2952 2529 ante
2973 2452 3218 2556 plures

1057 2570 1210 2646 dies
1240 2574 1509 2645 eiurem
1535 2628 1559 2668 ‚
1614 2598 1747 2675 per
1794 2571 2038 2679 plures
2106 2573 2283 2649 deos
2313 2566 2355 2624 ἃ
2383 2576 2616 2650 iurare
2639 2569 2682 2651 ἶ)
2717 2576 2914 2670 Quid
2944 2591 3054 2651 est
3083 2604 3217 2649 au-

1056 2706 1247 2786 tem,
1303 2692 1506 2792 quod
1542 2694 1900 2769 iuraturus
1955 2718 2120 2769 sum
2173 2722 2295 2771 me
2329 2688 2710 2771 consulatu
2753 2692 2949 2773 abioe
2977 2692 3020 2774 ἶ)
3049 2702 3211 2797 Ego

1054 2830 1229 2886 uero
1286 2812 1503 2887 etiam
1534 2813 1721 2888 illud
1774 2815 2100 2890 iurauero
2131 2870 2156 2911 ‚
2213 2842 2331 2889 me
2365 2812 2548 2892 olim
2597 2818 2978 2893 consulatu
3011 2817 3214 2892 abire

1060 2954 1323 3033 cupere
1354 2987 1378 3027 ‚
1416 2945 1497 3005 ut
1530 2934 1653 3005 ·M·
1688 2932 2070 3008 Aurelium
2111 2934 2531 3037 conplectar
2564 2993 2584 3008 .
2659 2994 2665 3003 .

1268 3192 1428 3247 xu-
1486 3192 1798 3247 consum
1857 3194 1952 3247 ετ
2007 3194 2394 3250 mAclsTno
2449 3199 2604 3251 rano
2658 3192 2998 3250 opr‘mo.

1181 3454 1195 3470 ·
1266 3404 1427 3486 Hoc
1486 3432 1653 3488 sane
1705 3424 2119 3517 supererat,
2172 3428 2251 3488 ut
2283 3438 2499 3519 super
2560 3432 2788 3493 cetera
2823 3442 2996 3521 quae
3033 3420 3216 3493 insi-

1058 3526 1289 3627 gniter
1320 3620 1331 3629 ,
1368 3556 1527 3631 erga
1610 3562 1747 3611 nos
1823 3536 2003 3611 facis
2068 3592 2100 3634 2
2187 3538 2404 3611 etiam
2475 3540 2802 3615 Gratiam
2855 3536 3210 3617 ‘mitteres

1058 3648 1205 3723 huc
1260 3700 1282 3725 .
1339 3704 1361 3723 .
1416 3703 1438 3725 .

1129 3854 1167 3891 α
1200 3818 1387 3895 Desunt·
1418 3834 1608 3913 aliquot
1642 3842 1795 3901 uerba
1819 3848 1872 3899 in
1909 3846 2122 3911 editione
2147 3847 2341 3901 mediol.
2410 3846 2442 3903 b
2476 3852 2597 3905 eod.
2649 3852 2714 3906 de
2751 3850 2788 3903 .’
2834 3868 2866 3904 e
2901 3854 3025 3905 cod.
3059 3866 3166 3909 orto
3189 3888 3208 3907 .

1056 3910 1101 3963 d
1131 3914 1251 3964 Cod.
1296 3930 1341 3964 x.
1378 3932 1528 3967 mann
1552 3916 1702 3983 die-53
1737 3938 1785 3970 η.
1819 3920 1971 3971 deos.

1114 4110 1167 4201 =t
1210 4092 1573 4153 Herodianus
1588 4091 1728 4153 hist.
1748 4099 1882 4157 1111.
1909 4100 1944 4159 3
1967 4124 1980 4156 ε
2003 4091 2084 4167 εἷς
2127 4136 2136 4147 -
2175 4114 2277 4159 σιν
2303 4114 2319 4133 ·
2347 4092 2522 4162 ἔνθα
2546 4090 2602 4160 οἵ
2641 4082 2954 4182 Ῥωμαίων
2979 4090 3206 4187 ἔρχον-

1048 4196 1165 4242 ται·
1186 4174 1460 4266 ἆρχαίειν
1483 4172 1710 4269 aimoin·
1733 4178 2013 4274 προτιᾶί
2055 4218 2086 4235 ·
2171 4206 2273 4261 τις
2319 4182 2720 4274 «ἐπόμνυται
2751 4233 2772 4253 .
