3384 5134
804 450 922 517 nn
1005 461 1717 518 οιιιτιοιιιιυε
2188 446 2336 553 245

550 615 572 633 .
625 584 748 635 ma
804 558 1146 635 condicio
1182 578 1364 655 estt,
1417 563 1543 637 ubi
1595 564 1817 639 semel
1872 542 2277 668 patefactae
2308 586 2344 621 ⁸

169 699 346 761 sunt
373 740 398 779 .,
458 650 669 758 facile
704 684 1030 781 cognitae
1063 683 1568 783 negleguntur.
1608 686 1997 759 Contemni
2036 687 2345 788 denique

161 826 248 886 et
297 809 499 884 nullo
524 808 800 885 honore
829 834 979 881 esse
1010 807 1297 881 rhetora
1333 807 1616 880 uideas:
1671 808 2041 883 obseruari
2102 825 2349 884 autem

163 949 248 1009 et
283 930 624 1008 omnibus
689 928 945 1003 officiis
1005 928 1150 1003 coli
1189 930 1614 1003 dialecticos
1655 986 1678 1025 .,
1724 930 1925 1031 quod
1960 932 2033 1004 in
2086 955 2347 1005 eorum

163 1051 580 1129 rationibus
617 1075 905 1151 semper
943 1048 1232 1122 obscuri
1269 1049 1541 1149 aliquid
1567 1064 1640 1123 et
1673 1052 1983 1125 tortuosi
2014 1042 2091 1122 ¹²2
2116 1074 2347 1150 eoque

162 1178 259 1248 fit
289 1189 374 1248 ut
405 1173 748 1275 magistro
785 1168 1180 1269 discipulus
1213 1168 1498 1244 haereat
1543 1196 1833 1274 semper
1858 1184 1931 1243 et
1954 1170 2345 1261 inseruiatr,
2436 1234 2451 1246 .

161 1298 462 1371 uinctus
481 1292 848 1398 perpetuis
871 1290 1311 1395 quibusdam
1343 1289 1655 1366 uinculis
1687 1292 2071 1365 attinentur
2088 1348 2103 1363 .
2129 1291 2341 1363 Dicet
2440 1362 2445 1367 ,

157 1406 428 1519 aliquis
454 1452 474 1488 ε
528 1432 606 1491 tu
629 1416 846 1513 igitur
886 1412 1178 1515 praeter
1203 1424 1478 1488 ceteros
1509 1414 1863 1490 nimirum
1902 1412 2141 1487 uerbis
2172 1408 2342 1511 pul-

166 1540 368 1613 c'hris
405 1554 478 1613 et
515 1536 922 1643 insignibus
961 1548 1168 1609 utens
1199 1526 1244 1607 ⁴?
1293 1550 1426 1633 ego
1481 1536 1724 1609 immo
1786 1534 2202 1635 uolgaribus
2267 1546 2343 1609 et

161 1655 518 1734 obsoletis
551 1712 571 1729 .
619 1654 822 1747 'Quid
873 1654 1092 1751 igitur
1166 1665 1275 1726 est
1306 1646 1350 1731 ἶ)
1411 1654 1548 1733 nisi
1609 1652 1812 1729 istud
1870 1651 2130 1729 saltem
2190 1654 2341 1729 sci-

159 1805 332 1857 rem
359 1835 382 1875 ‚
439 1773 912 1851 deterioribus
943 1784 1176 1847 uterer
1197 1826 1218 1849 .

579 2039 675 2089 11.
737 2038 1130 2092 Auroumo
1170 2040 1516 2093 AUGUSTO
1549 2040 1843 2093 PRONTO
1884 2070 1903 2093 ο

375 2256 780 2339 PnenAQue
811 2253 884 2325 in
923 2252 1246 2327 oratione
1271 2254 1541 2329 recenti
1573 2267 1690 2327 tua
1720 2266 1741 2303 ¹
1767 2308 1789 2349 .,
1820 2251 2021 2355 quod
2044 2250 2139 2324 ad
2172 2277 2341 2327 sen-

163 2377 432 2453 tentias
456 2377 736 2469 attinet,
763 2374 1264 2448 animaduerto
1294 2374 1564 2473 egregia
1599 2401 1790 2466 essex,
1822 2398 2051 2475 pauca
2086 2372 2346 2445 admo-

161 2498 354 2573 dum
389 2520 532 2569 uno
595 2508 802 2567 tenus
825 2494 1051 2567 uerbo
1070 2493 1500 2592 corrigenda
1529 2524 1554 2588 e,
1609 2490 1939 2567 nonnihil
1971 2491 2342 2565 interdurn

157 2615 580 2691 elocutione
614 2610 898 2686 nouella
924 2640 1189 2713 parum
1223 2615 1582 2712 signatum
1624 2669 1642 2686 .
1683 2615 1889 2705 Quae
1922 2611 2181 2685 melius
2228 2610 2341 2683 ui-

157 2762 334 2813 sum
381 2748 492 2807 est
541 2731 1036 2833 particulatim
1075 2732 1390 2807 scribere
1428 2768 1448 2804 ε
1481 2734 1580 2807 ita
1627 2733 1825 2807 enim
1860 2728 2141 2805 facilius
2174 2754 2341 2831 pen-

155 2854 440 2959 pendes
485 2852 760 2951 singula
815 2908 839 2947 ,
903 2868 979 2926 et
1021 2854 1193 2928 satis
1247 2856 1600 2955 temporis
1649 2853 1747 2927 ad
1800 2853 2345 2953 inspiciendum

153 2976 467 3051 habebis
495 3030 518 3070 .‚
565 2975 792 3076 utqui
823 2973 1162 3075 plurimis
1185 2978 1493 3075 negotiis
1533 2990 1656 3052 aut
1689 2976 1981 3074 agendis
2016 3000 2345 3078 occupa-

157 3116 288 3175 tus
323 3098 418 3173 sis
473 3111 598 3172 aut
637 3097 819 3171 actis
848 3096 1166 3173 defessus
1194 3153 1213 3172 .
1269 3099 1499 3197 Igitur
1544 3099 1622 3171 in
1661 3098 2099 3199 prohoemio
2158 3123 2341 3199 quae

154 3216 438 3315 egregie
469 3244 510 3290 a
543 3228 614 3289 te
645 3216 840 3289 dicta
874 3232 1126 3315 putem
1153 3274 1174 3312 ‚
1203 3244 1524 3319 quaeque
1564 3217 1875 3294 arbitrer
1912 3214 2343 3314 corrigenda

153 3334 430 3412 scribsi
459 3333 590 3407 tibi
608 3344 642 3385 ²
663 3390 682 3406 .
701 3333 1163 3435 scripturum
1191 3335 1528 3437 deinceps
1546 3361 1684 3437 pro
1713 3362 1965 3411 amore
1986 3338 2061 3409 in
2078 3350 2147 3409 te
2170 3360 2342 3409 meo

159 3452 458 3529 confide
513 3468 748 3528 cetera
776 3511 794 3526 .
853 3455 1100 3528 Prima
1149 3481 1318 3552 ergo
1384 3482 1556 3557 pars
1597 3471 1763 3531 tota
1822 3457 2132 3532 mirifica
2167 3472 2279 3532 est
2310 3508 2341 3552 ‚

152 3573 422 3651 multis
447 3590 522 3649 et
539 3575 876 3674 grauibus
910 3578 1276 3651 sententiis
1309 3576 1621 3673 referta,
1657 3578 1735 3649 in
1755 3577 2020 3678 quibus
2042 3576 2345 3655 eximiae

240 3798 278 3831 a
315 3777 533 3830 Sebeda
556 3790 697 3849 patet
736 3790 895 3839 πτας
929 3778 1010 3835 aed
1057 3780 1248 3831 correxi
1293 3780 1395 3831 tine
1437 3778 1743 3831 dubitatione
1780 3774 2109 3855 patefactae.
2177 3777 2209 3830 b
2244 3776 2343 3831 Vt-

163 3849 322 3901 detur
365 3849 492 3900 nedd
491 3849 648 3901 ndum
685 3852 788 3908 sie,
822 3812 960 3919 qdod
997 3864 1224 3903 tanen·
1261 3850 1376 3901 oche
1379 3848 1454 3901 di·
1499 3854 1671 3903 abest.
2234 3912 2257 3945 x

262 4022 536 4093 rQuam
569 4020 794 4081 scilicet
829 4020 1054 4095 Marcus
1091 4044 1214 4083 cor-
1297 4020 1456 4095 tuln,
1521 4022 1624 4083 uhi
1657 4022 1936 4083 nonnulla
1962 4018 2337 4102 prohoemio-

157 4042 479 4181 rigtendam
525 4104 804 4162 Frontoni
845 4104 1207 4163 tradiderat.
1295 4127 1424 4163 rum
1479 4128 1690 4187 genera
1744 4108 1963 4167 Fronto
2025 4104 2337 4183 uitupera-

252 4206 290 4246 2
355 4188 578 4267 Nempe
619 4189 682 4247 in
711 4188 1014 4267 superiore
1047 4191 1213 4267 epis·
1293 4190 1432 4249 uit.
