3384 5134
2932 2 3051 48 *fn

1111 483 1250 562 172
1814 461 1835 494 '
1896 485 1943 538 Α
1966 487 2012 538 n
2098 487 2145 533 n
2172 487 2217 534 ι
2245 487 2291 536 a
2312 485 2355 534 u
2386 485 2441 534 ι

1101 581 1634 682 coarguendum
1660 563 2235 685 captiosissimus
2251 636 2275 676 ‚
2309 581 2661 678 Diogenes
2682 580 2777 652 ad
2790 583 3261 682 exprobran-

1097 703 1284 776 dum
1334 707 1925 808 promptissimus
1961 761 1986 802 ‚
2042 702 2445 780 Heraclitus
2494 701 2845 778 obscurus
2877 703 3263 779 inuoluere

1103 827 1376 920 omnia;
1407 825 1815 928 Pythagora
1836 825 2185 900 mirificus
2200 839 2234 876 ⁸
2252 822 2712 898 clandestinis
2736 824 2956 922 signis
2980 827 3265 900 sancire

1097 947 1392 1020 omnia.
1445 945 1947 1022 Clitomachus
1980 969 2245 1047 anceps
2280 946 2357 1017 in
2410 943 2717 1018 dubium
2750 969 3029 1018 uocare
3082 971 3259 1017 om-

1103 1066 1220 1138 nia
1249 1121 1272 1140 .
1337 1066 1703 1158 Quidnam
1756 1067 1971 1165 igitur
2028 1080 2311 1165 agerent
2358 1065 2481 1139 isti
2536 1065 2675 1165 ipsi
2734 1065 3257 1164 sapientissimi

1107 1184 1247 1258 uiri
1269 1239 1290 1275 ‚
1345 1187 1406 1260 si
1443 1185 1534 1260 de
1585 1211 1717 1259 suo
1770 1188 2066 1287 quisque
2130 1211 2335 1260 more
2386 1201 2599 1285 atque
2644 1185 2981 1259 instituto
3018 1184 3261 1258 dedu·-
3336 1229 3343 1234 ·

1103 1317 1437 1378 cerentur
1455 1293 1499 1378 7
1547 1306 1881 1378 Socrates
1930 1331 2019 1378 ne
2068 1317 2483 1404 coargueret
2502 1359 2527 1398 ‚
2588 1305 2781 1377 Zeno
2846 1330 2939 1375 ne
3006 1305 3259 1377 disce·

1101 1437 1334 1524 ptamt
1361 1481 1386 1520 ‚
1438 1427 1787 1524 Diogenes
1849 1453 1937 1500 ne
2004 1428 2462 1530 increparet,
2516 1426 2783 1526 nequid
2840 1425 3263 1528 Pythagora

1097 1545 1412 1620 sanciret
1454 1603 1481 1644 ,
1555 1548 1828 1650 nequid
1880 1547 2283 1624 Heraclitus
2360 1549 2841 1623 absconderet
2880 1603 2905 1644 .,
2985 1545 3263 1646 nequid

1113 1659 1614 1741 Clitomachus
1649 1667 2043 1766 ambigeret
2078 1723 2097 1740 .
3122 1657 3131 1663 ”

1315 1785 1454 1860 Sed
1490 1812 1580 1860 ne
1615 1787 1693 1859 in
1730 1788 1965 1886 prima
2002 1788 2141 1861 ista
2174 1801 2373 1890 parte
2406 1786 2675 1862 diutius
2707 1813 2931 1890 quam
2966 1786 3257 1885 epistu-

1105 1903 1218 1980 lae
1269 1906 1535 1980 modus
1583 1904 1908 2008 postulat
1972 1929 2521 1980 commoremur
2568 1962 2591 2001 .,
2674 1919 2961 2004 tempus
3012 1917 3135 1976 est
3174 1903 3261 1972 de

1107 2025 1348 2102 uerbis
1380 2020 1426 2080 ἵ
1457 2028 1779 2128 primum
1828 2026 2007 2126 quid
2044 2051 2328 2100 censeas
2382 2025 2837 2100 considerare
2860 2079 2879 2094 .
2930 2021 3077 2094 Dic
3130 2049 3257 2095 so-

1093 2146 1246 2220 ‘des
1304 2144 1454 2220 hoc
1529 2145 1770 2241 mihi,
1826 2162 2072 2221 utrum
2126 2174 2219 2222 ne
2276 2148 2567 2220 tametsi
2621 2146 2769 2218 sine
2806 2142 2959 2216 ullo
3011 2140 3261 2214 labore

1113 2291 1202 2339 ac
1242 2265 1484 2340 studio
1529 2292 1697 2340 meo
1732 2266 1951 2341 uerba
1990 2265 2173 2354 mihi
2218 2267 2649 2364 elegantiora
2672 2262 2867 2336 ultro
2904 2287 3261 2356 occ-urre-

1109 2396 1318 2477 rent,
1379 2385 1771 2486 spernenda
1827 2411 2066 2460 censes
2121 2411 2207 2460 ac
2246 2377 2752 2488 repudianda?
2800 2387 2921 2472 An
2954 2407 3137 2456 cum
3164 2379 3265 2452 la·

1113 2501 1290 2578 hore
1354 2501 1650 2604 quidem
1710 2517 1785 2575 et
1836 2503 2075 2578 studio
2128 2503 2546 2602 inuestigare
2620 2501 2843 2582 uerba
2914 2502 3265 2600 elegantia

1113 2623 1509 2723 prohibes3
1563 2624 1815 2699 eadem
1868 2651 2039 2700 uero
2076 2679 2097 2716 ‚
2151 2627 2213 2700 si
2278 2624 2475 2699 ultro
2501 2680 2524 2719 ‚
2580 2625 2639 2699 si
2692 2624 2963 2698 iniussu
3044 2637 3267 2722 atque

1113 2740 1458 2814 inuocatu
1493 2767 1658 2816 meo
1693 2744 2017 2815 uenerint
2042 2799 2065 2838 .,
2100 2759 2183 2817 ut
2215 2742 2618 2817 Menelaum
2644 2735 2686 2776 *
2716 2741 2811 2816 ad
2844 2738 3097 2842 epulas
3128 2733 3171 2789 Β
3196 2752 3215 2787 ¹
3240 2793 3265 2832 ‚

1115 2858 1412 2958 quidem
1437 2861 1661 2961 recipi
1685 2860 1887 2936 iubes
1912 2853 1954 2937 ?
2006 2861 2198 2952 Nam
2223 2861 2418 2936 istud
2442 2862 2737 2962 quidem
2776 2873 3013 2934 uetare
3036 2911 3058 2949 ,
3118 2856 3267 2930 du-

1095 3003 1314 3092 rum⁸
1342 3003 1605 3080 prosus
1655 2994 1869 3082 atque
1910 2967 2401 3056 ‘inhnmanum
2436 2995 2547 3056 est
2574 3015 2593 3052 ε
2648 2977 3031 3055 consimile
3076 2991 3165 3052 ut
3207 2977 3271 3050 si

1113 3095 1209 3170 ab
1239 3098 1574 3211 hospite,
1631 3101 1757 3203 qui
1808 3115 1876 3175 te
1908 3101 2177 3189 falerno
2222 3103 2586 3203 accipiat,
2642 3099 2847 3202 quod
2900 3125 3067 3174 rure
3116 3099 3271 3170 eius

1117 3231 1368 3302 natum
1402 3219 1612 3307 domi
1647 3224 1984 3323 superfiat
2016 3279 2041 3318 .‚
2078 3239 2391 3298 cretense
2422 3222 2744 3325 postules
2782 3220 2898 3296 uel
2938 3221 3270 3319 sagunti-

1119 3361 1295 3412 num
1317 3393 1340 3433 .,
1371 3339 1605 3442 quod,
1629 3340 1909 3435 malum
1936 3344 1955 3414 !
1987 3340 2161 3416 foris
2177 3341 2661 3443 quaerendum
2684 3341 3051 3444 sihiatque
3072 3365 3271 3414 mere

1301 3569 1338 3603 ⁴⁵
1383 3569 1486 3635 M.
1534 3571 1733 3638 Nunc
1762 3569 1844 3636 de
1880 3568 2103 3636 uerbis
2123 3620 2140 3635 .

1298 3658 1335 3692 ⁴⁵
1377 3660 1479 3726 M.
1527 3659 1871 3728 Menelaus
1894 3663 2007 3728 inu
2016 3650 2239 3730 ocatns
2274 3664 2359 3730 ad
2394 3659 2625 3753 epulas
2646 3663 2834 3731 uenit
2854 3683 2925 3732 et
2946 3681 3255 3756 receptus

1123 3767 1223 3817 est
1275 3773 1298 3815 1
1341 3796 1362 3815 0

1129 3899 3259 3944 0--—--—·-—-—---—-—--———-——-.-........,

1229 4001 1269 4038 a
1307 3982 1385 4036 It·
1417 3980 1530 4038 ωδ,
1564 3985 1670 4036 ἀπο
1702 4004 1767 4040 s.
1835 3985 1867 4040 ὅ
1900 3987 1963 4040 In
2004 3986 2117 4046 ond.
2160 3985 2401 4057 repetitur
2434 3990 2699 4042 nemrim.

1153 4185 1162 4192 ·
1215 4179 1240 4224 1
1287 4157 1457 4222 Iliad.
1491 4159 1556 4230 β.
1580 4161 1715 4231 408.
