<?xml version="1.0" encoding="UTF-8"?>
<!DOCTYPE html PUBLIC "-//W3C//DTD XHTML 1.0 Transitional//EN"
    "http://www.w3.org/TR/xhtml1/DTD/xhtml1-transitional.dtd">
<html xmlns="http://www.w3.org/1999/xhtml" xml:lang="en" lang="en">
 <head>
  <title>
</title>
<meta http-equiv="Content-Type" content="text/html;charset=utf-8" />
  <meta name='ocr-system' content='tesseract 3.04.00' />
  <meta name='ocr-capabilities' content='ocr_page ocr_carea ocr_par ocr_line ocrx_word'/>
</head>
<body>
  <div class='ocr_page' id='page_1' title='image "./mcorneliifronto00maigoog/mcorneliifronto00maigoog_0246.png"; bbox 0 0 3384 5134; ppageno 0'>
   <div class='ocr_carea' id='block_1_1' title="bbox 1115 453 3269 3062">
    <p class='ocr_par' dir='ltr' id='par_1_1' title="bbox 1115 453 3269 3062">
     <span class='ocr_line' id='line_1_1' title="bbox 1149 453 2495 547; baseline 0.002 -21"><span class='ocrx_word' id='word_1_1' title='bbox 1149 453 1318 547; x_wconf 62' lang='lat'><strong>⁴94</strong></span> <span class='ocrx_word' id='word_1_2' title='bbox 1958 478 2072 528; x_wconf 68' lang='lat' dir='ltr'><strong>An</strong></span> <span class='ocrx_word' id='word_1_3' title='bbox 2162 482 2495 538; x_wconf 61' lang='lat' dir='ltr'><strong>uenum</strong></span> 
     </span>
     <span class='ocr_line' id='line_1_2' title="bbox 1167 570 3267 674; baseline 0.003 -30"><span class='ocrx_word' id='word_1_4' title='bbox 1167 586 1322 644; x_wconf 85' lang='lat' dir='ltr'><strong>tum</strong></span> <span class='ocrx_word' id='word_1_5' title='bbox 1371 570 1562 670; x_wconf 84' lang='lat' dir='ltr'><strong>graui</strong></span> <span class='ocrx_word' id='word_1_6' title='bbox 1610 625 1633 664; x_wconf 75' lang='lat'>‚</span> <span class='ocrx_word' id='word_1_7' title='bbox 1667 593 1753 643; x_wconf 85' lang='lat' dir='ltr'><strong>ac</strong></span> <span class='ocrx_word' id='word_1_8' title='bbox 1781 571 2209 668; x_wconf 85' lang='lat' dir='ltr'><strong>grauissimis</strong></span> <span class='ocrx_word' id='word_1_9' title='bbox 2242 574 2460 647; x_wconf 85' lang='lat' dir='ltr'><strong>etiam</strong></span> <span class='ocrx_word' id='word_1_10' title='bbox 2510 570 2827 647; x_wconf 87' lang='lat' dir='ltr'><strong>luctibus</strong></span> <span class='ocrx_word' id='word_1_11' title='bbox 2850 600 3071 674; x_wconf 88' lang='lat' dir='ltr'><strong>paene</strong></span> <span class='ocrx_word' id='word_1_12' title='bbox 3102 600 3267 651; x_wconf 86' lang='lat' dir='ltr'><strong>con-</strong></span> 
     </span>
     <span class='ocr_line' id='line_1_3' title="bbox 1168 690 3269 791; baseline 0 -27"><span class='ocrx_word' id='word_1_13' title='bbox 1168 692 1384 765; x_wconf 84' lang='lat' dir='ltr'><strong>tinuis</strong></span> <span class='ocrx_word' id='word_1_14' title='bbox 1443 690 1817 763; x_wconf 86' lang='lat' dir='ltr'><strong>adflictum</strong></span> <span class='ocrx_word' id='word_1_15' title='bbox 1870 721 1894 784; x_wconf 78' lang='lat'>3</span> <span class='ocrx_word' id='word_1_16' title='bbox 1954 714 2127 764; x_wconf 83' lang='lat' dir='ltr'><strong>narn</strong></span> <span class='ocrx_word' id='word_1_17' title='bbox 2184 691 2263 763; x_wconf 90' lang='lat' dir='ltr'><strong>in</strong></span> <span class='ocrx_word' id='word_1_18' title='bbox 2299 692 2748 791; x_wconf 77' lang='lat' dir='ltr'><strong>paucissimis</strong></span> <span class='ocrx_word' id='word_1_19' title='bbox 2804 694 3165 769; x_wconf 87' lang='lat' dir='ltr'><strong>mensibus</strong></span> <span class='ocrx_word' id='word_1_20' title='bbox 3207 708 3269 766; x_wconf 83' lang='lat' dir='ltr'><strong>et</strong></span> 
     </span>
     <span class='ocr_line' id='line_1_4' title="bbox 1161 812 3269 910; baseline -0 -25"><span class='ocrx_word' id='word_1_21' title='bbox 1161 838 1462 885; x_wconf 84' lang='lat' dir='ltr'><strong>uxorem</strong></span> <span class='ocrx_word' id='word_1_22' title='bbox 1503 812 1951 883; x_wconf 80' lang='lat' dir='ltr'><strong>carissimam</strong></span> <span class='ocrx_word' id='word_1_23' title='bbox 1972 823 2045 881; x_wconf 87' lang='lat' dir='ltr'><strong>et</strong></span> <span class='ocrx_word' id='word_1_24' title='bbox 2086 824 2425 910; x_wconf 82' lang='lat' dir='ltr'><strong>nepotem</strong></span> <span class='ocrx_word' id='word_1_25' title='bbox 2466 812 2837 885; x_wconf 86' lang='lat' dir='ltr'><strong>trimulum</strong></span> <span class='ocrx_word' id='word_1_26' title='bbox 2872 814 3133 907; x_wconf 80' lang='lat' dir='ltr'><strong>amisi3</strong></span> <span class='ocrx_word' id='word_1_27' title='bbox 3178 842 3269 885; x_wconf 69' lang='lat' dir='ltr'><strong>ex</strong></span> 
     </span>
     <span class='ocr_line' id='line_1_5' title="bbox 1161 928 3266 1032; baseline -0.003 -23"><span class='ocrx_word' id='word_1_28' title='bbox 1161 932 1370 1009; x_wconf 78' lang='lat' dir='ltr'><strong>hisce</strong></span> <span class='ocrx_word' id='word_1_29' title='bbox 1405 946 1436 979; x_wconf 78' lang='lat'>⁸</span> <span class='ocrx_word' id='word_1_30' title='bbox 1473 958 1589 1004; x_wconf 90' lang='lat' dir='ltr'><strong>me</strong></span> <span class='ocrx_word' id='word_1_31' title='bbox 1625 930 1833 1005; x_wconf 83' lang='lat' dir='ltr'><strong>malis</strong></span> <span class='ocrx_word' id='word_1_32' title='bbox 1871 928 2291 1031; x_wconf 82' lang='lat' dir='ltr'><strong>perpulsum</strong></span> <span class='ocrx_word' id='word_1_33' title='bbox 2322 949 2855 1032; x_wconf 84' lang='lat' dir='ltr'><strong>recreatumque</strong></span> <span class='ocrx_word' id='word_1_34' title='bbox 2888 947 3127 1005; x_wconf 85' lang='lat' dir='ltr'><strong>tamen</strong></span> <span class='ocrx_word' id='word_1_35' title='bbox 3154 934 3266 1005; x_wconf 86' lang='lat' dir='ltr'><strong>ali-</strong></span> 
     </span>
     <span class='ocr_line' id='line_1_6' title="bbox 1159 1051 3261 1155; baseline 0 -31"><span class='ocrx_word' id='word_1_36' title='bbox 1159 1068 1509 1153; x_wconf 82' lang='lat' dir='ltr'><strong>quantum</strong></span> <span class='ocrx_word' id='word_1_37' title='bbox 1545 1051 1775 1125; x_wconf 84' lang='lat' dir='ltr'><strong>fateor</strong></span> <span class='ocrx_word' id='word_1_38' title='bbox 1808 1106 1831 1145; x_wconf 80' lang='lat'>‚</span> <span class='ocrx_word' id='word_1_39' title='bbox 1888 1052 2085 1150; x_wconf 89' lang='lat' dir='ltr'><strong>quod</strong></span> <span class='ocrx_word' id='word_1_40' title='bbox 2130 1067 2199 1125; x_wconf 87' lang='lat' dir='ltr'><strong>te</strong></span> <span class='ocrx_word' id='word_1_41' title='bbox 2246 1052 2654 1127; x_wconf 85' lang='lat' dir='ltr'><strong>meminisse</strong></span> <span class='ocrx_word' id='word_1_42' title='bbox 2686 1055 2909 1127; x_wconf 84' lang='lat' dir='ltr'><strong>nostri</strong></span> <span class='ocrx_word' id='word_1_43' title='bbox 2952 1070 3029 1127; x_wconf 87' lang='lat' dir='ltr'><strong>et</strong></span> <span class='ocrx_word' id='word_1_44' title='bbox 3060 1082 3261 1155; x_wconf 82' lang='lat' dir='ltr'><strong>quac-</strong></span> 
     </span>
     <span class='ocr_line' id='line_1_7' title="bbox 1157 1170 3259 1272; baseline -0 -28"><span class='ocrx_word' id='word_1_45' title='bbox 1157 1172 1331 1245; x_wconf 89' lang='lat' dir='ltr'><strong>dam</strong></span> <span class='ocrx_word' id='word_1_46' title='bbox 1369 1186 1610 1257; x_wconf 78' lang='lat' dir='ltr'><strong>nostra</strong></span> <span class='ocrx_word' id='word_1_47' title='bbox 1641 1170 2071 1245; x_wconf 83' lang='lat' dir='ltr'><strong>desiderasse</strong></span> <span class='ocrx_word' id='word_1_48' title='bbox 2098 1174 2409 1269; x_wconf 85' lang='lat' dir='ltr'><strong>cognoui</strong></span> <span class='ocrx_word' id='word_1_49' title='bbox 2444 1230 2461 1244; x_wconf 92' lang='lat'><strong>.</strong></span> <span class='ocrx_word' id='word_1_50' title='bbox 2502 1174 2659 1245; x_wconf 84' lang='lat' dir='ltr'><strong>Misi</strong></span> <span class='ocrx_word' id='word_1_51' title='bbox 2688 1174 2897 1270; x_wconf 78' lang='lat' dir='ltr'><strong>igitur</strong></span> <span class='ocrx_word' id='word_1_52' title='bbox 2924 1200 3107 1272; x_wconf 83' lang='lat' dir='ltr'><strong>quae</strong></span> <span class='ocrx_word' id='word_1_53' title='bbox 3134 1175 3259 1243; x_wconf 83' lang='lat' dir='ltr'><strong>Do-</strong></span> 
     </span>
     <span class='ocr_line' id='line_1_8' title="bbox 1155 1288 3250 1365; baseline -0.001 -2"><span class='ocrx_word' id='word_1_54' title='bbox 1155 1292 1396 1363; x_wconf 88' lang='lat' dir='ltr'><strong>minus</strong></span> <span class='ocrx_word' id='word_1_55' title='bbox 1447 1316 1647 1363; x_wconf 88' lang='lat' dir='ltr'><strong>meus</strong></span> <span class='ocrx_word' id='word_1_56' title='bbox 1702 1288 1915 1363; x_wconf 83' lang='lat' dir='ltr'><strong>frater</strong></span> <span class='ocrx_word' id='word_1_57' title='bbox 1948 1297 2111 1365; x_wconf 81' lang='lat' dir='ltr'><strong>tuus</strong></span> <span class='ocrx_word' id='word_1_58' title='bbox 2161 1290 2416 1364; x_wconf 75' lang='lat' dir='ltr'><strong>litteris</strong></span> <span class='ocrx_word' id='word_1_59' title='bbox 2472 1293 2611 1365; x_wconf 82' lang='lat' dir='ltr'><strong>tuis</strong></span> <span class='ocrx_word' id='word_1_60' title='bbox 2656 1289 3068 1364; x_wconf 82' lang='lat' dir='ltr'><strong>admonitus</strong></span> <span class='ocrx_word' id='word_1_61' title='bbox 3102 1291 3250 1362; x_wconf 82' lang='lat' dir='ltr'><strong>mit·</strong></span> 
     </span>
     <span class='ocr_line' id='line_1_9' title="bbox 1157 1412 3259 1513; baseline -0.003 -26"><span class='ocrx_word' id='word_1_62' title='bbox 1157 1412 1370 1487; x_wconf 83' lang='lat' dir='ltr'><strong>tenda</strong></span> <span class='ocrx_word' id='word_1_63' title='bbox 1420 1414 1697 1486; x_wconf 88' lang='lat' dir='ltr'><strong>censuit</strong></span> <span class='ocrx_word' id='word_1_64' title='bbox 1726 1469 1743 1484; x_wconf 92' lang='lat'><strong><em>.</em></strong></span> <span class='ocrx_word' id='word_1_65' title='bbox 1784 1412 2099 1487; x_wconf 83' lang='lat' dir='ltr'><strong>Adiunxi</strong></span> <span class='ocrx_word' id='word_1_66' title='bbox 2141 1428 2499 1512; x_wconf 83' lang='lat' dir='ltr'><strong>praeterea</strong></span> <span class='ocrx_word' id='word_1_67' title='bbox 2536 1414 2933 1485; x_wconf 84' lang='lat' dir='ltr'><strong>orationem</strong></span> <span class='ocrx_word' id='word_1_68' title='bbox 2968 1438 3107 1513; x_wconf 87' lang='lat' dir='ltr'><strong>pro</strong></span> <span class='ocrx_word' id='word_1_69' title='bbox 3141 1414 3259 1481; x_wconf 85' lang='lat' dir='ltr'><strong>De·</strong></span> 
     </span>
     <span class='ocr_line' id='line_1_10' title="bbox 1153 1528 3259 1633; baseline -0.003 -27"><span class='ocrx_word' id='word_1_70' title='bbox 1153 1544 1562 1607; x_wconf 84' lang='lat' dir='ltr'><strong>monstrato</strong></span> <span class='ocrx_word' id='word_1_71' title='bbox 1604 1589 1627 1626; x_wconf 84' lang='lat'><strong>.‚</strong></span> <span class='ocrx_word' id='word_1_72' title='bbox 1685 1556 1907 1633; x_wconf 87' lang='lat' dir='ltr'><strong>quam</strong></span> <span class='ocrx_word' id='word_1_73' title='bbox 1964 1558 2133 1605; x_wconf 86' lang='lat' dir='ltr'><strong>cum</strong></span> <span class='ocrx_word' id='word_1_74' title='bbox 2188 1532 2387 1607; x_wconf 82' lang='lat' dir='ltr'><strong>fratri</strong></span> <span class='ocrx_word' id='word_1_75' title='bbox 2438 1548 2565 1606; x_wconf 87' lang='lat' dir='ltr'><strong>tuo</strong></span> <span class='ocrx_word' id='word_1_76' title='bbox 2618 1532 2942 1633; x_wconf 87' lang='lat' dir='ltr'><strong>primum</strong></span> <span class='ocrx_word' id='word_1_77' title='bbox 2980 1528 3259 1629; x_wconf 73' lang='lat' dir='ltr'><strong>optuli,</strong></span> 
     </span>
     <span class='ocr_line' id='line_1_11' title="bbox 1152 1630 3262 1751; baseline -0.004 -27"><span class='ocrx_word' id='word_1_78' title='bbox 1152 1652 1378 1725; x_wconf 83' lang='lat' dir='ltr'><strong>didici</strong></span> <span class='ocrx_word' id='word_1_79' title='bbox 1403 1630 1598 1725; x_wconf 80' lang='lat' dir='ltr'><strong>exeo</strong></span> <span class='ocrx_word' id='word_1_80' title='bbox 1626 1651 2285 1751; x_wconf 81' lang='lat' dir='ltr'><strong>Asclepiodotum¹.‚</strong></span> <span class='ocrx_word' id='word_1_81' title='bbox 2306 1653 2433 1751; x_wconf 84' lang='lat' dir='ltr'><strong>qui</strong></span> <span class='ocrx_word' id='word_1_82' title='bbox 2457 1652 2776 1725; x_wconf 87' lang='lat' dir='ltr'><strong>oratione</strong></span> <span class='ocrx_word' id='word_1_83' title='bbox 2794 1650 2931 1721; x_wconf 82' lang='lat' dir='ltr'><strong>ista</strong></span> <span class='ocrx_word' id='word_1_84' title='bbox 2956 1644 3262 1747; x_wconf 85' lang='lat' dir='ltr'><strong>compel-</strong></span> 
     </span>
     <span class='ocr_line' id='line_1_12' title="bbox 1147 1766 3253 1870; baseline -0.004 -27"><span class='ocrx_word' id='word_1_85' title='bbox 1147 1768 1338 1845; x_wconf 86' lang='lat' dir='ltr'><strong>letur</strong></span> <span class='ocrx_word' id='word_1_86' title='bbox 1373 1828 1396 1865; x_wconf 86' lang='lat'><strong>.,</strong></span> <span class='ocrx_word' id='word_1_87' title='bbox 1451 1800 1490 1845; x_wconf 88' lang='lat' dir='ltr'><strong>a</strong></span> <span class='ocrx_word' id='word_1_88' title='bbox 1518 1786 1588 1843; x_wconf 85' lang='lat' dir='ltr'><strong>te</strong></span> <span class='ocrx_word' id='word_1_89' title='bbox 1635 1798 1781 1844; x_wconf 87' lang='lat' dir='ltr'><strong>non</strong></span> <span class='ocrx_word' id='word_1_90' title='bbox 1814 1770 2185 1870; x_wconf 86' lang='lat' dir='ltr'><strong>inprobari</strong></span> <span class='ocrx_word' id='word_1_91' title='bbox 2224 1827 2241 1841; x_wconf 95' lang='lat'><strong><em>.</em></strong></span> <span class='ocrx_word' id='word_1_92' title='bbox 2298 1768 2517 1861; x_wconf 84' lang='lat' dir='ltr'><strong>Quod</strong></span> <span class='ocrx_word' id='word_1_93' title='bbox 2567 1788 2697 1867; x_wconf 86' lang='lat' dir='ltr'><strong>ego</strong></span> <span class='ocrx_word' id='word_1_94' title='bbox 2727 1768 2851 1840; x_wconf 90' lang='lat' dir='ltr'><strong>ubi</strong></span> <span class='ocrx_word' id='word_1_95' title='bbox 2884 1766 3253 1868; x_wconf 76' lang='lat' dir='ltr'><strong>comperi,</strong></span> 
     </span>
     <span class='ocr_line' id='line_1_13' title="bbox 1153 1886 3257 1993; baseline -0.004 -28"><span class='ocrx_word' id='word_1_96' title='bbox 1153 1894 1402 1966; x_wconf 86' lang='lat' dir='ltr'><strong>curaui</strong></span> <span class='ocrx_word' id='word_1_97' title='bbox 1433 1892 1769 1993; x_wconf 81' lang='lat' dir='ltr'><strong>equidem</strong></span> <span class='ocrx_word' id='word_1_98' title='bbox 1794 1890 2079 1964; x_wconf 84' lang='lat' dir='ltr'><strong>abolere</strong></span> <span class='ocrx_word' id='word_1_99' title='bbox 2114 1891 2517 1964; x_wconf 84' lang='lat' dir='ltr'><strong>orationem</strong></span> <span class='ocrx_word' id='word_1_100' title='bbox 2556 1922 2574 1959; x_wconf 72' lang='grc' dir='ltr'><em>ε</em></span> <span class='ocrx_word' id='word_1_101' title='bbox 2630 1886 2756 1961; x_wconf 88' lang='lat' dir='ltr'><strong>sed</strong></span> <span class='ocrx_word' id='word_1_102' title='bbox 2780 1886 2925 1959; x_wconf 77' lang='lat' dir='ltr'><strong>iam</strong></span> <span class='ocrx_word' id='word_1_103' title='bbox 2954 1912 3257 1988; x_wconf 83' lang='lat' dir='ltr'><strong>peruase-</strong></span> 
     </span>
     <span class='ocr_line' id='line_1_14' title="bbox 1115 2008 3249 2113; baseline -0.007 -26"><span class='ocrx_word' id='word_1_104' title='bbox 1115 2028 1270 2111; x_wconf 29' lang='grc' dir='ltr'><strong>..ται</strong></span> <span class='ocrx_word' id='word_1_105' title='bbox 1323 2014 1392 2085; x_wconf 90' lang='lat' dir='ltr'><strong>in</strong></span> <span class='ocrx_word' id='word_1_106' title='bbox 1457 2038 1709 2085; x_wconf 86' lang='lat' dir='ltr'><strong>manus</strong></span> <span class='ocrx_word' id='word_1_107' title='bbox 1762 2010 2083 2111; x_wconf 84' lang='lat' dir='ltr'><strong>plurium</strong></span> <span class='ocrx_word' id='word_1_108' title='bbox 2132 2069 2155 2106; x_wconf 75' lang='lat'>‚</span> <span class='ocrx_word' id='word_1_109' title='bbox 2212 2038 2433 2113; x_wconf 85' lang='lat' dir='ltr'><strong>quam</strong></span> <span class='ocrx_word' id='word_1_110' title='bbox 2490 2024 2571 2084; x_wconf 89' lang='lat' dir='ltr'><strong>ut</strong></span> <span class='ocrx_word' id='word_1_111' title='bbox 2620 2008 2890 2083; x_wconf 84' lang='lat' dir='ltr'><strong>aboleri</strong></span> <span class='ocrx_word' id='word_1_112' title='bbox 2952 2021 3197 2108; x_wconf 81' lang='lat' dir='ltr'><strong>posset</strong></span> <span class='ocrx_word' id='word_1_113' title='bbox 3238 2060 3249 2073; x_wconf 92' lang='lat'><strong>.</strong></span> 
     </span>
     <span class='ocr_line' id='line_1_15' title="bbox 1148 2122 3249 2233; baseline -0.003 -33"><span class='ocrx_word' id='word_1_114' title='bbox 1148 2129 1345 2223; x_wconf 86' lang='lat' dir='ltr'><strong>Quid</strong></span> <span class='ocrx_word' id='word_1_115' title='bbox 1381 2130 1593 2228; x_wconf 81' lang='lat' dir='ltr'><strong>igitur</strong></span> <span class='ocrx_word' id='word_1_116' title='bbox 1625 2124 1666 2203; x_wconf 68' lang='grc' dir='ltr'><strong>’.Ρ</strong></span> <span class='ocrx_word' id='word_1_117' title='bbox 1720 2130 1894 2231; x_wconf 91' lang='lat' dir='ltr'><strong>quid</strong></span> <span class='ocrx_word' id='word_1_118' title='bbox 1927 2132 2216 2233; x_wconf 85' lang='lat' dir='ltr'><strong>inquam</strong></span> <span class='ocrx_word' id='word_1_119' title='bbox 2243 2126 2286 2206; x_wconf 85' lang='lat'><strong>?</strong></span> <span class='ocrx_word' id='word_1_120' title='bbox 2334 2131 2519 2206; x_wconf 78' lang='lat' dir='ltr'><strong>Nisi</strong></span> <span class='ocrx_word' id='word_1_121' title='bbox 2552 2122 2589 2181; x_wconf 78' lang='lat'><strong>¹³</strong></span> <span class='ocrx_word' id='word_1_122' title='bbox 2620 2128 3249 2228; x_wconf 76' lang='lat' dir='ltr'><strong>Asclepiodotum,</strong></span> 
     </span>
     <span class='ocr_line' id='line_1_16' title="bbox 1149 2246 3250 2351; baseline -0.004 -32"><span class='ocrx_word' id='word_1_123' title='bbox 1149 2272 1321 2319; x_wconf 83' lang='lat' dir='ltr'><strong>eum</strong></span> <span class='ocrx_word' id='word_1_124' title='bbox 1346 2276 1386 2319; x_wconf 91' lang='lat' dir='ltr'><strong>a</strong></span> <span class='ocrx_word' id='word_1_125' title='bbox 1417 2262 1486 2319; x_wconf 78' lang='lat' dir='ltr'><strong>te</strong></span> <span class='ocrx_word' id='word_1_126' title='bbox 1517 2248 1868 2348; x_wconf 79' lang='lat' dir='ltr'><strong>probetur</strong></span> <span class='ocrx_word' id='word_1_127' title='bbox 1905 2305 1928 2343; x_wconf 82' lang='lat'>‚</span> <span class='ocrx_word' id='word_1_128' title='bbox 1986 2252 2165 2323; x_wconf 80' lang='lat' dir='ltr'><strong>mihi</strong></span> <span class='ocrx_word' id='word_1_129' title='bbox 2198 2276 2485 2351; x_wconf 88' lang='lat' dir='ltr'><strong>quoque</strong></span> <span class='ocrx_word' id='word_1_130' title='bbox 2520 2250 2670 2321; x_wconf 85' lang='lat' dir='ltr'><strong>fieri</strong></span> <span class='ocrx_word' id='word_1_131' title='bbox 2702 2246 3250 2319; x_wconf 85' lang='lat' dir='ltr'><strong>amicissimum:</strong></span> 
     </span>
     <span class='ocr_line' id='line_1_17' title="bbox 1147 2365 3245 2468; baseline -0.003 -26"><span class='ocrx_word' id='word_1_132' title='bbox 1147 2383 1300 2442; x_wconf 86' lang='lat' dir='ltr'><strong>tam</strong></span> <span class='ocrx_word' id='word_1_133' title='bbox 1333 2365 1623 2439; x_wconf 86' lang='lat' dir='ltr'><strong>hercule</strong></span> <span class='ocrx_word' id='word_1_134' title='bbox 1655 2393 1871 2468; x_wconf 84' lang='lat' dir='ltr'><strong>quam</strong></span> <span class='ocrx_word' id='word_1_135' title='bbox 1911 2383 2017 2442; x_wconf 83' lang='lat' dir='ltr'><strong>est</strong></span> <span class='ocrx_word' id='word_1_136' title='bbox 2051 2370 2369 2443; x_wconf 84' lang='lat' dir='ltr'><strong>Herodes</strong></span> <span class='ocrx_word' id='word_1_137' title='bbox 2400 2394 2727 2443; x_wconf 87' lang='lat' dir='ltr'><strong>summus</strong></span> <span class='ocrx_word' id='word_1_138' title='bbox 2756 2390 2951 2439; x_wconf 84' lang='lat' dir='ltr'><strong>nune</strong></span> <span class='ocrx_word' id='word_1_139' title='bbox 2974 2389 3174 2437; x_wconf 87' lang='lat' dir='ltr'><strong>meus</strong></span> <span class='ocrx_word' id='word_1_140' title='bbox 3198 2374 3245 2451; x_wconf 80' lang='lat'><strong>²,</strong></span> 
     </span>
     <span class='ocr_line' id='line_1_18' title="bbox 1146 2482 3251 2589; baseline -0.003 -30"><span class='ocrx_word' id='word_1_141' title='bbox 1146 2504 1588 2587; x_wconf 75' lang='lat' dir='ltr'><strong>quamquam</strong></span> <span class='ocrx_word' id='word_1_142' title='bbox 1609 2499 1807 2562; x_wconf 80' lang='lat' dir='ltr'><strong>extet</strong></span> <span class='ocrx_word' id='word_1_143' title='bbox 1834 2488 2062 2561; x_wconf 80' lang='lat' dir='ltr'><strong>oratio</strong></span> <span class='ocrx_word' id='word_1_144' title='bbox 2086 2482 2147 2561; x_wconf 83' lang='lat'><strong>3.</strong></span> <span class='ocrx_word' id='word_1_145' title='bbox 2176 2492 2343 2585; x_wconf 81' lang='lat' dir='ltr'><strong>Egit</strong></span> <span class='ocrx_word' id='word_1_146' title='bbox 2368 2502 2723 2589; x_wconf 81' lang='lat' dir='ltr'><strong>praeterea</strong></span> <span class='ocrx_word' id='word_1_147' title='bbox 2750 2510 3040 2558; x_wconf 86' lang='lat' dir='ltr'><strong>mecum</strong></span> <span class='ocrx_word' id='word_1_148' title='bbox 3066 2486 3251 2557; x_wconf 78' lang='lat' dir='ltr'><strong>frater</strong></span> 
     </span>
     <span class='ocr_line' id='line_1_19' title="bbox 1145 2602 3250 2707; baseline -0.003 -28"><span class='ocrx_word' id='word_1_149' title='bbox 1145 2620 1310 2679; x_wconf 85' lang='lat' dir='ltr'><strong>tuus</strong></span> <span class='ocrx_word' id='word_1_150' title='bbox 1337 2606 1625 2703; x_wconf 86' lang='lat' dir='ltr'><strong>inpense</strong></span> <span class='ocrx_word' id='word_1_151' title='bbox 1653 2662 1674 2699; x_wconf 88' lang='lat'><strong>.,</strong></span> <span class='ocrx_word' id='word_1_152' title='bbox 1720 2606 1921 2705; x_wconf 87' lang='lat' dir='ltr'><strong>quod</strong></span> <span class='ocrx_word' id='word_1_153' title='bbox 1952 2605 1986 2667; x_wconf 76' lang='grc'><strong>4</strong></span> <span class='ocrx_word' id='word_1_154' title='bbox 2016 2634 2143 2705; x_wconf 81' lang='lat' dir='ltr'><strong>ego</strong></span> <span class='ocrx_word' id='word_1_155' title='bbox 2170 2607 2401 2681; x_wconf 86' lang='lat' dir='ltr'><strong>multo</strong></span> <span class='ocrx_word' id='word_1_156' title='bbox 2440 2608 2796 2707; x_wconf 86' lang='lat' dir='ltr'><strong>inpensius</strong></span> <span class='ocrx_word' id='word_1_157' title='bbox 2816 2602 3113 2700; x_wconf 82' lang='lat' dir='ltr'><strong>adgredi</strong></span> <span class='ocrx_word' id='word_1_158' title='bbox 3146 2628 3250 2673; x_wconf 87' lang='lat' dir='ltr'><strong>cu-</strong></span> 
     </span>
     <span class='ocr_line' id='line_1_20' title="bbox 1139 2714 3250 2823; baseline -0.003 -30"><span class='ocrx_word' id='word_1_159' title='bbox 1139 2724 1266 2821; x_wconf 92' lang='lat' dir='ltr'><strong>pio</strong></span> <span class='ocrx_word' id='word_1_160' title='bbox 1288 2778 1310 2816; x_wconf 72' lang='lat'>,</span> <span class='ocrx_word' id='word_1_161' title='bbox 1335 2738 1406 2795; x_wconf 88' lang='lat' dir='ltr'><strong>et</strong></span> <span class='ocrx_word' id='word_1_162' title='bbox 1431 2722 1554 2795; x_wconf 88' lang='lat' dir='ltr'><strong>ubi</strong></span> <span class='ocrx_word' id='word_1_163' title='bbox 1573 2726 1895 2823; x_wconf 86' lang='lat' dir='ltr'><strong>primum</strong></span> <span class='ocrx_word' id='word_1_164' title='bbox 1918 2728 2515 2801; x_wconf 81' lang='lat' dir='ltr'><strong>commentarium</strong></span> <span class='ocrx_word' id='word_1_165' title='bbox 2542 2723 2820 2798; x_wconf 86' lang='lat' dir='ltr'><strong>miseris</strong></span> <span class='ocrx_word' id='word_1_166' title='bbox 2838 2714 2873 2773; x_wconf 79' lang='lat'>5</span> <span class='ocrx_word' id='word_1_167' title='bbox 2900 2720 3250 2819; x_wconf 82' lang='lat' dir='ltr'><strong>adgrediar</strong></span> 
     </span>
     <span class='ocr_line' id='line_1_21' title="bbox 1128 2843 3249 2948; baseline -0.001 -34"><span class='ocrx_word' id='word_1_168' title='bbox 1128 2861 1227 2914; x_wconf 76' lang='lat' dir='ltr'><strong>&#39;ex</strong></span> <span class='ocrx_word' id='word_1_169' title='bbox 1261 2844 1565 2916; x_wconf 90' lang='lat' dir='ltr'><strong>summis</strong></span> <span class='ocrx_word' id='word_1_170' title='bbox 1609 2845 2003 2921; x_wconf 69' lang='lat' dir='ltr'><strong>uoluntatis</strong></span> <span class='ocrx_word' id='word_1_171' title='bbox 2040 2848 2302 2948; x_wconf 87' lang='lat' dir='ltr'><strong>opibus</strong></span> <span class='ocrx_word' id='word_1_172' title='bbox 2355 2882 2373 2919; x_wconf 70' lang='grc' dir='ltr'><em>ε</em></span> <span class='ocrx_word' id='word_1_173' title='bbox 2428 2873 2596 2919; x_wconf 87' lang='lat' dir='ltr'><strong>nam</strong></span> <span class='ocrx_word' id='word_1_174' title='bbox 2624 2845 2715 2919; x_wconf 89' lang='lat' dir='ltr'><strong>de</strong></span> <span class='ocrx_word' id='word_1_175' title='bbox 2748 2843 3095 2917; x_wconf 79' lang='lat' dir='ltr'><strong>facultate</strong></span> <span class='ocrx_word' id='word_1_176' title='bbox 3126 2852 3249 2913; x_wconf 71' lang='lat' dir='ltr'><strong>tute</strong></span> 
     </span>
     <span class='ocr_line' id='line_1_22' title="bbox 1132 2956 2616 3062; baseline 0.003 -32"><span class='ocrx_word' id='word_1_177' title='bbox 1132 2956 1412 3033; x_wconf 86' lang='lat' dir='ltr'><strong>uidebis</strong></span> <span class='ocrx_word' id='word_1_178' title='bbox 1447 3016 1470 3056; x_wconf 82' lang='lat'>‚</span> <span class='ocrx_word' id='word_1_179' title='bbox 1527 2962 1650 3062; x_wconf 87' lang='lat' dir='ltr'><strong>qui</strong></span> <span class='ocrx_word' id='word_1_180' title='bbox 1682 2989 1797 3036; x_wconf 89' lang='lat' dir='ltr'><strong>me</strong></span> <span class='ocrx_word' id='word_1_181' title='bbox 1832 2963 2175 3038; x_wconf 88' lang='lat' dir='ltr'><strong>idoneum</strong></span> <span class='ocrx_word' id='word_1_182' title='bbox 2228 2964 2616 3039; x_wconf 85' lang='lat' dir='ltr'><strong>censuisti.</strong></span> 
     </span>
    </p>
   </div>
   <div class='ocr_carea' id='block_1_2' title="bbox 1803 3226 2595 3285">
    <p class='ocr_par' dir='ltr' id='par_1_2' title="bbox 1803 3226 2595 3285">
     <span class='ocr_line' id='line_1_23' title="bbox 1803 3226 2595 3285; baseline -0.001 -4"><span class='ocrx_word' id='word_1_183' title='bbox 1803 3226 1879 3281; x_wconf 77' lang='lat' dir='ltr'><strong>x.</strong></span> <span class='ocrx_word' id='word_1_184' title='bbox 1958 3234 2342 3285; x_wconf 72' lang='lat' dir='ltr'><strong>MAolsTno</strong></span> <span class='ocrx_word' id='word_1_185' title='bbox 2396 3232 2595 3283; x_wconf 66' lang='lat' dir='ltr'><strong>mio.</strong></span> 
     </span>
    </p>
   </div>
   <div class='ocr_carea' id='block_1_3' title="bbox 1334 3427 3247 3549">
    <p class='ocr_par' dir='ltr' id='par_1_3' title="bbox 1334 3427 3247 3549">
     <span class='ocr_line' id='line_1_24' title="bbox 1334 3427 3247 3549; baseline -0.003 -34"><span class='ocrx_word' id='word_1_186' title='bbox 1334 3438 1654 3517; x_wconf 66' lang='lat' dir='ltr'><strong>Curetum</strong></span> <span class='ocrx_word' id='word_1_187' title='bbox 1678 3471 1827 3518; x_wconf 86' lang='lat' dir='ltr'><strong>esse</strong></span> <span class='ocrx_word' id='word_1_188' title='bbox 1856 3458 1919 3517; x_wconf 70' lang='lat' dir='ltr'><strong>te</strong></span> <span class='ocrx_word' id='word_1_189' title='bbox 1957 3503 1979 3541; x_wconf 89' lang='lat'><strong>.,</strong></span> <span class='ocrx_word' id='word_1_190' title='bbox 2020 3442 2123 3520; x_wconf 89' lang='lat' dir='ltr'><strong>mi</strong></span> <span class='ocrx_word' id='word_1_191' title='bbox 2162 3446 2495 3549; x_wconf 83' lang='lat' dir='ltr'><strong>magister</strong></span> <span class='ocrx_word' id='word_1_192' title='bbox 2529 3439 2890 3523; x_wconf 87' lang='lat' dir='ltr'><strong>carissime</strong></span> <span class='ocrx_word' id='word_1_193' title='bbox 2927 3500 2950 3539; x_wconf 74' lang='lat'>‚</span> <span class='ocrx_word' id='word_1_194' title='bbox 2978 3427 3247 3519; x_wconf 83' lang='lat' dir='ltr'><strong>etiamsi</strong></span> 
     </span>
    </p>
   </div>
   <div class='ocr_carea' id='block_1_4' title="bbox 1231 3586 3221 3659">
    <p class='ocr_par' dir='ltr' id='par_1_4' title="bbox 1231 3586 3221 3659">
     <span class='ocr_line' id='line_1_25' title="bbox 1231 3586 3221 3659; baseline 0.001 -22"><span class='ocrx_word' id='word_1_195' title='bbox 1231 3601 1269 3635; x_wconf 78' lang='grc' dir='ltr'><strong><em>α</em></strong></span> <span class='ocrx_word' id='word_1_196' title='bbox 1303 3586 1514 3637; x_wconf 70' lang='lat' dir='ltr'><strong>Tantam</strong></span> <span class='ocrx_word' id='word_1_197' title='bbox 1549 3587 1648 3641; x_wconf 79' lang='lat' dir='ltr'><strong>fere</strong></span> <span class='ocrx_word' id='word_1_198' title='bbox 1685 3590 1823 3659; x_wconf 70' lang='lat' dir='ltr'><strong>spatii</strong></span> <span class='ocrx_word' id='word_1_199' title='bbox 1856 3598 1929 3643; x_wconf 68' lang='lat' dir='ltr'><strong>eit</strong></span> <span class='ocrx_word' id='word_1_200' title='bbox 1962 3592 2014 3641; x_wconf 84' lang='lat' dir='ltr'><strong>in</strong></span> <span class='ocrx_word' id='word_1_201' title='bbox 2042 3592 2212 3644; x_wconf 71' lang='lat' dir='ltr'><strong>codiee</strong></span> <span class='ocrx_word' id='word_1_202' title='bbox 2230 3630 2243 3644; x_wconf 94' lang='lat'><strong>.</strong></span> <span class='ocrx_word' id='word_1_203' title='bbox 2314 3594 2344 3646; x_wconf 78' lang='lat' dir='ltr'><em>b</em></span> <span class='ocrx_word' id='word_1_204' title='bbox 2380 3590 2529 3649; x_wconf 70' lang='lat' dir='ltr'><strong>Tanta</strong></span> <span class='ocrx_word' id='word_1_205' title='bbox 2562 3588 2664 3646; x_wconf 74' lang='lat' dir='ltr'><strong>fere</strong></span> <span class='ocrx_word' id='word_1_206' title='bbox 2704 3612 2777 3649; x_wconf 70' lang='lat' dir='ltr'><strong>eet</strong></span> <span class='ocrx_word' id='word_1_207' title='bbox 2808 3588 2991 3645; x_wconf 69' lang='lat' dir='ltr'><strong>codicis</strong></span> <span class='ocrx_word' id='word_1_208' title='bbox 3020 3592 3189 3643; x_wconf 73' lang='lat' dir='ltr'><strong>hem</strong></span> <span class='ocrx_word' id='word_1_209' title='bbox 3208 3619 3221 3631; x_wconf 91' lang='lat'><strong>·</strong></span> 
     </span>
    </p>
   </div>
   <div class='ocr_carea' id='block_1_5' title="bbox 1128 3699 3246 3865">
    <p class='ocr_par' dir='ltr' id='par_1_5' title="bbox 1128 3699 3246 3865">
     <span class='ocr_line' id='line_1_26' title="bbox 1218 3699 3246 3783; baseline 0.003 -31"><span class='ocrx_word' id='word_1_210' title='bbox 1218 3718 1238 3752; x_wconf 84' lang='lat'>1</span> <span class='ocrx_word' id='word_1_211' title='bbox 1289 3699 1762 3775; x_wconf 73' lang='lat' dir='ltr'><strong>Asclepiodotum</strong></span> <span class='ocrx_word' id='word_1_212' title='bbox 1783 3703 2155 3763; x_wconf 64' lang='lat' dir='ltr'><strong>inversanita-</strong></span> <span class='ocrx_word' id='word_1_213' title='bbox 2238 3708 2296 3763; x_wconf 89' lang='lat' dir='ltr'><strong>in</strong></span> <span class='ocrx_word' id='word_1_214' title='bbox 2342 3707 2523 3763; x_wconf 85' lang='lat' dir='ltr'><strong>insula</strong></span> <span class='ocrx_word' id='word_1_215' title='bbox 2562 3707 2843 3776; x_wconf 77' lang='lat' dir='ltr'><strong>tiberina,</strong></span> <span class='ocrx_word' id='word_1_216' title='bbox 2874 3726 3056 3783; x_wconf 82' lang='lat' dir='ltr'><strong>quem</strong></span> <span class='ocrx_word' id='word_1_217' title='bbox 3104 3703 3246 3758; x_wconf 77' lang='lat' dir='ltr'><strong>Gru·</strong></span> 
     </span>
     <span class='ocr_line' id='line_1_27' title="bbox 1128 3776 2979 3865; baseline 0.008 -34"><span class='ocrx_word' id='word_1_218' title='bbox 1128 3776 1176 3832; x_wconf 73' lang='lat' dir='ltr'><strong>ti</strong></span> <span class='ocrx_word' id='word_1_219' title='bbox 1207 3793 1302 3835; x_wconf 78' lang='lat' dir='ltr'><strong>aut</strong></span> <span class='ocrx_word' id='word_1_220' title='bbox 1326 3781 1478 3836; x_wconf 78' lang='lat' dir='ltr'><strong>uitae</strong></span> <span class='ocrx_word' id='word_1_221' title='bbox 1513 3784 1805 3841; x_wconf 67' lang='lat' dir='ltr'><strong>restitutos</strong></span> <span class='ocrx_word' id='word_1_222' title='bbox 1838 3786 1909 3842; x_wconf 77' lang='lat' dir='ltr'><strong>ab</strong></span> <span class='ocrx_word' id='word_1_223' title='bbox 1935 3790 2153 3845; x_wconf 80' lang='lat' dir='ltr'><strong>Aescu·</strong></span> <span class='ocrx_word' id='word_1_224' title='bbox 2238 3804 2391 3847; x_wconf 68' lang='lat' dir='ltr'><strong>cerus</strong></span> <span class='ocrx_word' id='word_1_225' title='bbox 2425 3808 2483 3865; x_wconf 88' lang='lat' dir='ltr'><strong>p.</strong></span> <span class='ocrx_word' id='word_1_226' title='bbox 2522 3812 2659 3847; x_wconf 64' lang='lat' dir='ltr'><strong>mxxi</strong></span> <span class='ocrx_word' id='word_1_227' title='bbox 2700 3790 2929 3847; x_wconf 82' lang='lat' dir='ltr'><strong>exhibet</strong></span> <span class='ocrx_word' id='word_1_228' title='bbox 2964 3829 2979 3845; x_wconf 82' lang='grc'><strong>.</strong></span> 
     </span>
    </p>
   </div>
   <div class='ocr_carea' id='block_1_6' title="bbox 1120 3858 3322 4115">
    <p class='ocr_par' dir='ltr' id='par_1_6' title="bbox 1120 3858 3322 4115">
     <span class='ocr_line' id='line_1_28' title="bbox 1122 3858 3239 3936; baseline 0.004 -22"><span class='ocrx_word' id='word_1_229' title='bbox 1122 3858 1289 3934; x_wconf 68' lang='lat' dir='ltr'><strong>ltvpio</strong></span> <span class='ocrx_word' id='word_1_230' title='bbox 1326 3864 1538 3936; x_wconf 83' lang='lat' dir='ltr'><strong>refert,</strong></span> <span class='ocrx_word' id='word_1_231' title='bbox 1572 3886 1670 3923; x_wconf 87' lang='lat' dir='ltr'><strong>seu</strong></span> <span class='ocrx_word' id='word_1_232' title='bbox 1693 3868 1881 3935; x_wconf 84' lang='lat' dir='ltr'><strong>ridet,</strong></span> <span class='ocrx_word' id='word_1_233' title='bbox 1908 3868 2144 3927; x_wconf 72' lang='lat' dir='ltr'><strong>&#39;l&#39;ertul-</strong></span> <span class='ocrx_word' id='word_1_234' title='bbox 2306 3895 2339 3931; x_wconf 66' lang='grc' dir='ltr'>α</span> <span class='ocrx_word' id='word_1_235' title='bbox 2386 3874 2469 3930; x_wconf 80' lang='lat' dir='ltr'><strong>Ex</strong></span> <span class='ocrx_word' id='word_1_236' title='bbox 2494 3874 2772 3931; x_wconf 80' lang='lat' dir='ltr'><strong>-Teremio</strong></span> <span class='ocrx_word' id='word_1_237' title='bbox 2808 3878 2951 3930; x_wconf 84' lang='lat' dir='ltr'><strong>Eun.</strong></span> <span class='ocrx_word' id='word_1_238' title='bbox 2990 3892 3049 3929; x_wconf 69' lang='grc' dir='ltr'><strong>α.</strong></span> <span class='ocrx_word' id='word_1_239' title='bbox 3080 3888 3135 3925; x_wconf 72' lang='lat' dir='ltr'><strong>n.</strong></span> <span class='ocrx_word' id='word_1_240' title='bbox 3162 3867 3239 3929; x_wconf 68' lang='grc'><strong>40·</strong></span> 
     </span>
     <span class='ocr_line' id='line_1_29' title="bbox 1120 3942 3322 4024; baseline 0.01 -28"><span class='ocrx_word' id='word_1_241' title='bbox 1120 3942 1306 3999; x_wconf 81' lang='lat' dir='ltr'><strong>lianus</strong></span> <span class='ocrx_word' id='word_1_242' title='bbox 1326 3947 1478 4020; x_wconf 87' lang='lat' dir='ltr'><strong>apol.</strong></span> <span class='ocrx_word' id='word_1_243' title='bbox 1519 3971 1700 4005; x_wconf 68' lang='lat' dir='ltr'><strong>xxvii.</strong></span> <span class='ocrx_word' id='word_1_244' title='bbox 1740 3950 2145 4024; x_wconf 82' lang='lat' dir='ltr'><strong>Prodigiorum</strong></span> <span class='ocrx_word' id='word_1_245' title='bbox 2309 3956 2345 4011; x_wconf 84' lang='lat'><strong>3</strong></span> <span class='ocrx_word' id='word_1_246' title='bbox 2393 3944 3238 4015; x_wconf 74' lang='lat' dir='ltr'><strong>Recolead.M.Caes.lll.2-6·</strong></span> <span class='ocrx_word' id='word_1_247' title='bbox 3320 3978 3322 4017; x_wconf 80' lang='grc' dir='ltr'><em>ῑ</em></span> 
     </span>
     <span class='ocr_line' id='line_1_30' title="bbox 1123 4020 3237 4115; baseline 0.008 -38"><span class='ocrx_word' id='word_1_248' title='bbox 1123 4037 1310 4081; x_wconf 76' lang='lat' dir='ltr'><strong>autem</strong></span> <span class='ocrx_word' id='word_1_249' title='bbox 1343 4020 1670 4087; x_wconf 82' lang='lat' dir='ltr'><strong>huiusmodi</strong></span> <span class='ocrx_word' id='word_1_250' title='bbox 1708 4028 1813 4090; x_wconf 81' lang='lat' dir='ltr'><strong>sub</strong></span> <span class='ocrx_word' id='word_1_251' title='bbox 1848 4034 2141 4089; x_wconf 76' lang='lat' dir='ltr'><strong>Antonino</strong></span> <span class='ocrx_word' id='word_1_252' title='bbox 2308 4034 2344 4105; x_wconf 66' lang='grc'><strong>4</strong></span> <span class='ocrx_word' id='word_1_253' title='bbox 2391 4030 2671 4115; x_wconf 77' lang='lat' dir='ltr'><strong>intelligit</strong></span> <span class='ocrx_word' id='word_1_254' title='bbox 2746 4035 3053 4097; x_wconf 76' lang='lat' dir='ltr'><strong>historiam</strong></span> <span class='ocrx_word' id='word_1_255' title='bbox 3112 4021 3237 4085; x_wconf 63' lang='lat' dir='ltr'><strong>bem</strong></span> 
     </span>
    </p>
   </div>
   <div class='ocr_carea' id='block_1_7' title="bbox 1115 4105 2861 4283">
    <p class='ocr_par' dir='ltr' id='par_1_7' title="bbox 1115 4105 2861 4283">
     <span class='ocr_line' id='line_1_31' title="bbox 1119 4105 2503 4195; baseline 0.014 -37"><span class='ocrx_word' id='word_1_256' title='bbox 1119 4105 1257 4181; x_wconf 81' lang='lat' dir='ltr'><strong>imp.</strong></span> <span class='ocrx_word' id='word_1_257' title='bbox 1300 4110 1370 4164; x_wconf 65' lang='lat' dir='ltr'><strong>ab</strong></span> <span class='ocrx_word' id='word_1_258' title='bbox 1412 4112 1749 4189; x_wconf 79' lang='lat' dir='ltr'><strong>Aesculapio</strong></span> <span class='ocrx_word' id='word_1_259' title='bbox 1782 4128 2141 4192; x_wconf 73' lang='lat' dir='ltr'><strong>palralorum</strong></span> <span class='ocrx_word' id='word_1_260' title='bbox 2222 4118 2503 4195; x_wconf 82' lang='lat' dir='ltr'><strong>parthici.</strong></span> 
     </span>
     <span class='ocr_line' id='line_1_32' title="bbox 1115 4192 2861 4283; baseline 0.007 -35"><span class='ocrx_word' id='word_1_261' title='bbox 1115 4192 1418 4267; x_wconf 76' lang='lat' dir='ltr'><strong>prestabat</strong></span> <span class='ocrx_word' id='word_1_262' title='bbox 1457 4194 1749 4273; x_wconf 76' lang='lat' dir='ltr'><strong>catalogus</strong></span> <span class='ocrx_word' id='word_1_263' title='bbox 1784 4218 2140 4258; x_wconf 80' lang='lat' dir='ltr'><strong>marmoreus</strong></span> <span class='ocrx_word' id='word_1_264' title='bbox 2250 4206 2255 4211; x_wconf 73' lang='grc'><strong><em>’</em></strong></span> <span class='ocrx_word' id='word_1_265' title='bbox 2304 4196 2343 4261; x_wconf 79' lang='grc'><strong><em>5</em></strong></span> <span class='ocrx_word' id='word_1_266' title='bbox 2386 4204 2597 4263; x_wconf 85' lang='lat' dir='ltr'><strong>Recole</strong></span> <span class='ocrx_word' id='word_1_267' title='bbox 2626 4224 2717 4283; x_wconf 84' lang='lat' dir='ltr'><strong>ep.</strong></span> <span class='ocrx_word' id='word_1_268' title='bbox 2754 4204 2861 4263; x_wconf 88' lang='lat'>111.</span> 
     </span>
    </p>
   </div>
   <div class='ocr_carea' id='block_1_8' title="bbox 3324 2894 3334 3650">
    <p class='ocr_par' dir='ltr' id='par_1_8' title="bbox 3324 2894 3334 3650">
     <span class='ocr_line' id='line_1_33' title="bbox 3324 2894 3334 3650; baseline 0 0"><span class='ocrx_word' id='word_1_269' title='bbox 3324 2894 3334 3650; x_wconf 95' lang='lat' dir='ltr'><strong> </strong></span> 
     </span>
    </p>
   </div>
  </div>
 </body>
</html>
