3384 5134
757 474 1040 526 manns
1117 476 1707 527 metron-‚urin
2147 454 2323 555 339,-

171 577 556 677 omniaque
587 574 909 647 utensilia
944 572 1532 673 *neglegentibus
1563 574 1763 649 nullo
1804 574 2089 673 negotio
2123 601 2307 677 sup-

171 700 524 802 peditaret
555 753 573 769 .
631 696 844 771 Hisce
883 698 1310 825 argumentis
1345 696 1769 795 neglegentia
1828 696 2024 770 bono
2064 723 2312 795 genere

167 835 394 915 nata,
449 817 558 891 dis
605 831 904 916 accepta
954 872 977 910 ‚
1049 817 1484 917 sapientibus
1542 816 1898 919 probata,
1954 818 2313 892 uirtutum

170 942 582 1051 particeps,
649 934 1128 1036 indulgentiae
1180 936 1572 1033 magistra,
1632 950 1779 1009 tuta
1830 936 1921 1009 ab
1979 936 2313 1029 insidiis,

171 1072 566 1157 grataque
545 1053 723 1128 bene
757 1054 1016 1149 sactis,
1070 1070 1402 1129 excusata
1452 1047 1745 1153 ingratis
1780 1046 1816 1103 ι’
1843 1110 1865 1147 .,
1921 1070 1995 1129 et
2027 1054 2121 1128 ad
2148 1080 2321 1155 pos-

171 1192 483 1251 tremum
529 1202 731 1249 aurea
755 1174 1156 1249 declaratur
1187 1188 1205 1223 ¹
1234 1168 1570 1275 [Multa
1613 1168 1857 1278 certe]
1895 1172 1982 1246 de
2015 1172 2319 1246 Fauori-

169 1296 244 1366 ni
269 1296 494 1367 nostri
517 1305 548 1343 2
565 1294 946 1393 pigmentis
974 1294 1122 1368 fuci
1143 1295 1475 1395 quisnam
1498 1296 1913 1395 appingeret
1932 1286 1974 1368 ?
2003 1286 2321 1395 [Uide]-

169 1413 344 1487 licet
368 1430 448 1493 ut
471 1440 787 1513 quaeque
816 1414 1074 1487 mulier
1095 1414 1318 1511 magis
1347 1416 1530 1489 facie
1555 1416 1729 1488 freta
1755 1429 1889 1511 est,
1918 1416 2015 1488 ita
2040 1413 2321 1487 facilius

170 1549 414 1607 cutem
443 1548 516 1607 et
547 1532 892 1632 capillum
920 1533 1270 1633 neglegere
1307 1566 1330 1627 ς
1385 1533 1745 1635 plerisque
1780 1548 2022 1609 autern
2057 1548 2139 1607 ut
2166 1558 2317 1607 sese

169 1678 605 1753 magnopere
667 1670 1013 1728 exornent
1043 1674 1068 1750 ·.,
1125 1654 1520 1728 diffidentia
1575 1656 1849 1729 formae
1910 1654 2315 1755 diligentiae

170 1774 560 1849 inlecebras
595 1776 820 1849 creari
853 1830 872 1845 .
929 1778 1248 1873 Myrtum
1291 1778 1705 1878 buxumque
1746 1793 2115 1878 ceteraque
2144 1792 2315 1851 ton-

171 1894 326 1967 silia
361 1892 645 1965 arbusta
687 1906 896 1993 atque
934 1894 1236 1991 uirgulta
1273 1949 1292 1984 ,
1349 1922 1633 1971 summa
1669 1896 2031 1997 diligentia
2062 1910 2135 1968 et
2168 1909 2319 1967 stu-

168 2012 296 2085 dio
335 2009 490 2085 radi
515 2065 540 2104 .,
593 2010 842 2107 rigari,
905 2014 1102 2084 comi
1149 2013 1361 2086 solita
1390 2070 1410 2107 ‚
1447 2015 1653 2089 humi
1690 2028 1969 2114 reptare
2008 2027 2131 2087 aut
2164 2012 2313 2087 ibi-

168 2130 339 2203 dem
397 2128 588 2201 haud
627 2128 887 2228 procul
941 2156 982 2200 a
1036 2129 1197 2203 solo
1251 2130 1628 2203 cacumina
1673 2134 1939 2230 erigere
1974 2166 1994 2203 ι
2048 2146 2123 2205 at
2159 2132 2312 2208 illas

165 2251 492 2331 intonsas
558 2248 818 2323 abietes
865 2245 1355 2349 neglectasque
1405 2250 1646 2349 piceas
1700 2266 1918 2351 caput
1954 2248 2319 2328 aemulum

167 2368 486 2443 nubibus
503 2368 766 2443 abdere
788 2362 852 2439 3.
879 2371 1046 2443 Non
1071 2398 1290 2471 aeque
1317 2370 1686 2469 diligentes
1712 2372 1806 2445 ad
1838 2372 2319 2473 quaerendum

167 2490 448 2562 uictum
476 2501 550 2561 et
567 2490 1205 2599 compar-cendum
1269 2490 1518 2565 cibum
1555 2490 1799 2565 leones
1860 2505 1943 2564 ut
1976 2492 2317 2565 Formicas

166 2638 370 2685 esse·
427 2609 709 2684 texendi
759 2637 932 2687 uero
994 2639 1275 2687 araneas
1340 2596 1821 2711 diligentiores
1881 2638 2029 2687 esse
2100 2637 2320 2713 quam

169 2730 611 2831 Penelopem
642 2728 862 2803 ullam
889 2732 1000 2805 uel
1025 2728 1717 2807 Andromacham4.
1743 2734 1842 2806 Et
1866 2734 2167 2807 omnino
2214 2747 2319 2806 te·-

170 2850 438 2925 nuibus
466 2851 763 2949 ingeniis
786 2866 859 2925 et
887 2866 920 2900 ⁰
953 2908 1286 2925 .....

167 2969 316 3045 hoc
354 3024 373 3039 .
429 3024 448 3040 .
484 2995 658 3068 quas
716 3024 736 3040 .
793 3024 813 3041 .
860 2997 1038 3044 neue
1087 2972 1184 3045 ob
1223 3026 1240 3043 .
1283 3026 1304 3041 .
1339 2985 1416 3045 et
1453 2970 1848 3045 uoluntaris
1880 2962 1919 3021 ‘1
1949 2970 2153 3072 'quod
2202 2971 2320 3045 uel

167 3088 643 3191 praecipuum
695 3116 866 3165 uero
921 3146 938 3161 .
999 3147 1015 3163 .
1054 3093 1140 3165 tis
1199 3092 1694 3164 amicitias..
1745 3090 2229 3189 uiligentiam
2208 3118 2321 3164 ιιι-

169 3208 515 3285 terdum.
573 3225 861 3287 ,nerent
915 3208 1152 3285 deos.
1209 3209 1384 3283 .eui
1435 3235 1600 3283 res.
1661 3234 1862 3281 .non
1917 3232 2009 3282 ex
2046 3236 2241 3311 pro.
2296 3265 2319 3281 .
2437 3202 2447 3214 ’

166 3358 264 3405 cx
289 3354 455 3405 ser.
493 3330 854 3425 κραοῒα,
912 3356 1040 3409 oro
1077 3344 1146 3403 te
1171 3386 1192 3426 ‚
1249 3329 1496 3431 portio
1537 3326 2022 3401 Lucullanae.
2080 3322 2318 3404 .Cae·-.

170 3478 338 3525 sum
369 3478 709 3525 aureo..
736 3464 769 3503 ⁰

240 3622 278 3655 a
312 3604 432 3657 cod.
473 3614 614 3655 utens
647 3601 762 3658 ille.
829 3604 859 3656 b
894 3607 1032 3655 Corr.
1083 3604 1261 3655 erratis
1303 3606 1360 3655 B.
1429 3608 1462 3653 ε’
1493 3602 1606 3673 Pagi
1609 3622 1670 3654 ιιι
1713 3616 1915 3672 sequen·
1951 3600 2047 3673 legi
2093 3602 2315 3671 nequit·

163 3676 742 3740 dlucocttprozi.
811 3677 1581 3727 eflaecminutiometcinese
1583 3673 2315 3745 utentiafngmentaemiiae.

165 3763 412 3819 quantum
438 3748 636 3797 memini
655 3780 670 3803 ,
705 3749 890 3817 paginis
919 3747 1408 3799 mieeoeeoblitoernti·
1442 3764 1500 3797 co
1471 3746 1563 3796 olle
1537 3748 1642 3817 ei.g

263 3890 288 3927 ι
339 3870 428 3925 En
461 3870 654 3947 capita
685 3868 858 3927 huius
899 3869 1198 3947 opusculi.
1367 3872 1402 3928 3
1445 3869 1672 3929 Similia
1695 3868 1840 3928 dicit
1856 3872 2072 3930 Fronto
2105 3870 2183 3928 ad
2216 3872 2317 3930 M.

257 3972 292 4009 2
340 3952 492 4008 Num
533 3954 854 4010 Fauorinus
897 3955 1204 4011 Frontonis
1285 3956 1446 4012 CaeS.
1496 3956 1540 4009 1.
1586 3974 1640 4011 2.

166 4040 480 4102 familiaris
505 4030 1040 4139 ἆθίξωνεᾳιῆρῒοτ,
1045 4042 1200 4101 Gen.
1369 4050 1402 4113 4
1457 4041 1624 4101 Iliad.
1684 4036 1747 4123 ζ.
1820 4046 1927 4117 49ι
1964 4087 1983 4119 ,
2030 4058 2103 4121 χ,
2177 4046 2313 4133 “o-

167 4146 332 4183 κιαι.
409 4124 532 4183 12?
586 4126 682 4185 An
737 4126 934 4207 potius
999 4126 1207 4205 aliquis
1289 4126 1460 4205 Virg.
1487 4146 1607 4183 aen.
1645 4126 1751 4184 111.
1793 4126 1926 4193 483.

165 4207 630 4291 Ριςιιιοιιῑατίιίόΐ
