3384 5134
1037 445 1192 541 314
1819 475 1859 525 Ρ
1890 479 1933 525 a
1964 476 1988 524 1
2026 479 2069 524 u
2098 478 2135 525 c
2172 476 2196 525 1
2228 480 2267 527 P
2302 477 2326 525 1
2358 471 2407 527 A

1037 564 1487 669 disciplinae·
1529 624 1548 641 .
1587 622 1608 639 .
1651 624 1670 639 .
1700 570 2094 645 Enimuero
2148 570 2344 645 sandi
2409 570 2801 671 agendique
2856 566 3215 649 laudibus

1033 686 1243 784 longe
1287 686 1945 787 praestantissimus
2006 689 2338 763 omnium
2376 692 2561 765 Cato
2601 691 2909 765 Porcius
2944 748 2964 765 .
3024 750 3047 765 .
3108 747 3131 764 .
3190 750 3213 766 .

1033 806 1106 887 in
1147 807 1442 885 nauium
1485 862 1504 881 .
1544 865 1564 882 .
1591 810 1769 883 deus
1804 803 1872 885 al
1902 868 1921 883 .
1958 864 1978 883 .
2014 825 2131 885 tur
2156 808 2401 888 tuendi
2453 814 2605 887 eius
2644 841 2813 913 ergo
2850 816 3207 889 denomi-

1032 946 1240 1007 natus
1268 961 1290 1001 2
1340 930 1444 1005 ita
1469 930 1652 1005 Cato
1689 928 2104 1031 oppidatim
2138 934 2391 1005 statuis
2424 934 2785 1007 ornandus
2814 992 2837 1026 ‚
2882 938 3013 1034 qui
3052 936 3213 1035 pri-

993 1066 998 1073 '
1034 1076 1236 1127 mam
1271 1048 1476 1125 latini
1511 1051 1831 1127 nominis
1866 1050 2201 1127 sobolem
2254 1062 2329 1127 et
2374 1044 2787 1125 italicarum
2836 1055 3207 1151 originum

1034 1170 1378 1275 pueritiae
1416 1164 1823 1245 inlustrauit
1872 1226 1891 1241 .
1954 1227 1972 1243 .
2032 1224 2053 1243 .

1243 1344 1266 1366 .
1333 1348 1353 1364 .
1411 1342 1434 1363 .
1474 1289 1879 1391 Imperium
1924 1288 2185 1393 populi
2226 1286 2513 1365 romani
2580 1292 2673 1365 ad
2719 1289 3019 1367 flumina
3054 1288 3201 1365 ho·-

1037 1412 1224 1485 stilia
1257 1424 1684 1514 porrectum
1718 1424 1739 1459 ¹
1775 1466 1793 1482 .
1855 1463 1874 1482 .
1933 1462 1952 1483 .
1998 1410 2333 1513 principa
2370 1464 2390 1483 .
2450 1466 2469 1483 .
2512 1435 2687 1486 cum
2740 1414 2948 1515 pueri
2982 1468 3005 1485 .
3066 1466 3087 1485 .
3134 1428 3209 1485 et

1031 1532 1216 1606 mihi
1263 1586 1284 1605 .
1342 1582 1362 1603 .
1411 1572 1439 1603 ·.

1245 1652 1590 1729 Liberum
1618 1649 1889 1729 amanti
1912 1666 2023 1727 est
2045 1649 2501 1757 inculpatum
2526 1647 2893 1729 silentium
2912 1710 2933 1725 .
2970 1652 3045 1725 N
3046 1676 3205 1725 am-

1036 1800 1174 1877 que
1209 1776 1426 1849 ceteri
1451 1772 1797 1849 mortales
1821 1775 2179 1875 praesenti
2204 1774 2323 1849 die
2360 1776 2845 1869 mentiunturr,
2880 1772 3201 1849 scribto-

1035 1895 1218 1969 'rum
1270 1891 1640 1970 mendacia
1677 1911 1829 1969 tam
1869 1890 2164 1996 culpam
2194 1919 2420 1995 quam
2454 1896 2889 1973 memoriam
2922 1908 3207 1967 merent

1039 2012 1549 2115 sempiternam
1595 2074 1618 2089 .
1675 2072 1697 2089 .
1754 2074 1773 2087 .
1818 2012 2285 2091 comminisci
2338 2070 2361 2087 .
2418 2072 2437 2089 .
2491 2042 2745 2118 parem
2772 2072 2791 2087 .
2864 2016 3061 2089 Nam
3102 2070 3125 2087 .
3182 2068 3205 2086 .

1036 2144 1395 2238 praesenti
1430 2138 1548 2213 die
1600 2139 1938 2211 minuunt
1978 2188 1999 2209 .
2054 2192 2073 2209 .
2106 2137 2343 2213 immo
2392 2162 2541 2213 non
2594 2154 2705 2214 est
2744 2189 2765 2210 .
2820 2189 2843 2211 .
2882 2162 3059 2237 gens
3102 2192 3123 2207 .
3178 2186 3199 2207 .

1039 2275 1320 2333 certum
1359 2270 1470 2335 est
1512 2314 1531 2332 .
1589 2316 1610 2332 .
1669 2316 1689 2331 .
1724 2254 1767 2293 *
1798 2260 2018 2333 fratre
2056 2312 2075 2330 .
2109 2309 2131 2331 .

1242 2428 1258 2445 -
1321 2430 1344 2451 .
1397 2436 1418 2453 .
1454 2374 1937 2455 Macedonum
1984 2404 2147 2481 spes
2175 2388 2207 2431 ²
2246 2374 2585 2455 torrentis
2640 2370 2871 2451 modo
2940 2398 3205 2475 magna

1037 2497 1115 2573 ui
1163 2515 1362 2579 ortae
1407 2496 1610 2575 breui
1649 2500 1767 2574 die
1818 2500 2292 2577 occiderunt:
2346 2524 2663 2602 quorum
2690 2500 2905 2571 unius
2935 2499 3197 2572 huma-

1037 2644 1170 2691 nae
1201 2618 1434 2720 prolis
1492 2632 1719 2695 aetate
1750 2614 2142 2723 imperium
2174 2615 2583 2695 extinctum
2634 2632 2747 2693 est
2768 2672 2787 2691 .
2846 2614 3055 2691 Nam·
3082 2610 3199 2689 issa

1037 2764 1217 2838 quae
1289 2735 1677 2814 Alexandri
1752 2740 2062 2815 comites
2148 2738 2674 2839 familiaresque
2750 2748 3197 2829 tenuerunt,

1035 2857 1524 2955 praefecturae
1611 2856 1841 2957 magis
1886 2908 1913 2955 ‚
1992 2882 2213 2963 quam
2288 2857 2592 2961 imperia
2630 2908 2656 2953 ‚
2731 2854 3203 2959 appellandae

1249 3094 1538 3173 Nemini
1571 3122 1877 3201 usquam
1930 3127 2025 3201 op
2038 3092 2293 3201 pidum
2348 3123 2580 3199 neque
2642 3102 2925 3170 tectum
2978 3088 3204 3167 diuti-

1036 3232 1212 3289 num
1235 3204 1272 3267 b
1291 3234 1416 3293 aut
1437 3218 1660 3293 limen
1678 3220 2152 3293 inueteratum
2175 3252 2193 3289 ε
2208 3216 2621 3290 libertatem
2644 3213 2895 3313 inopia
2923 3213 3199 3303 sortiti,

1035 3336 1202 3434 quia
1229 3338 1527 3439 inopem
1559 3337 1935 3435 subigendi
1964 3338 2223 3413 sterilis
2276 3336 2553 3412 fructus
2588 3334 2867 3409 laboris
2910 3332 3203 3433 capitur

1063 3562 1074 3571 ⁶
1155 3570 1190 3601 ⁴²
1237 3570 1338 3639 M.
1381 3570 1570 3639 Ordo
1604 3590 1968 3662 regnorum
2014 3583 2166 3635 ante
2208 3570 2538 3637 Romamn
2576 3611 2593 3632 .

1139 3800 1177 3833 a
1213 3786 1288 3834 Ita
1326 3779 1438 3837 ουδ’.
1473 3782 1572 3834 sed
1617 3786 1749 3837 bene
1792 3776 2019 3835 emendat
2052 3800 2170 3855 opes
2202 3781 2265 3833 N.
2338 3776 2369 3833 l·
2406 3778 2627 3833 Schedne
2660 3778 2971 3835 dimum·

1123 3972 1146 4008 ι
1203 3946 1502 4013 Victoriae
1529 3946 1753 4011 scilicet
1769 3950 2075 4028 parthicae
2156 3950 2299 4009 tium
2334 3950 2463 4009 cod.
2507 3972 2711 4009 xcnn.
2756 3948 2857 4009 fin.

1032 4028 1256 4092 fructus
1310 4036 1422 4093 fuit
1468 4038 1604 4114 fuga
1638 4034 1919 4111 Vologesi
1986 4035 2075 4094 ul·
2236 4054 2271 4091 2
2307 4036 2465 4111 Ergo
2496 4036 2558 4093 in
2592 4032 2815 4095 lacunis
2846 4034 3027 4093 fiebat
3044 4046 3195 4092 tran·

1037 4126 1129 4171 tra
1165 4118 1522 4194 Euphratem
1574 4130 1634 4177 et
1666 4118 1928 4194 Tigrim,
1960 4120 2076 4177 ob·-
2155 4113 2299 4175 situs
2333 4118 2411 4175 ad
2454 4118 2720 4196 Assyrios
2752 4163 2773 4193 ,
2824 4119 2903 4177 ad
2952 4120 3195 4187 Persas.

1035 4212 1304 4258 seruante
1355 4200 1679 4262 Iamblicho
1715 4202 1877 4282 apud
1910 4201 2073 4265 Pho-
2153 4214 2213 4261 et
2248 4198 2327 4259 ad
2360 4202 2735 4263 Macedones.
