3384 5134
871 479 980 527 nr:
1051 476 1775 531 oni-uouinus
2245 464 2395 557 343

209 600 350 648 res
380 572 698 648 tulerunt
723 630 768 646 ..
792 572 884 647 de
903 590 1126 675 puteo
1151 604 1440 679 quoque
1459 634 1476 648 .
1505 580 1612 652 Pu
1623 595 1773 652 teus
1796 580 1963 652 istic
1980 582 2218 657 minus
2246 610 2402 657 sor-

207 694 480 767 deret.
512 697 611 769 .si
657 698 754 770 ita
786 752 804 767 .
847 752 866 769 .
902 700 1088 771 Uer.
1128 714 1322 775 .tum
1355 701 1536 774 mihi
1676 696 2133 779 *sententias
2158 706 2401 806 inopi-

204 832 440 891 :natas
467 875 491 913 7
540 818 698 891 aliis
727 834 1158 919 expes-tatas
1194 876 1210 889 .
1251 823 1486 894 Tanto
1519 823 1749 895 maius
1792 822 2201 921 periculum
2234 850 2394 897 sen-

205 941 476 1013 tentiis
521 941 754 1032 inest,
790 942 928 1013 nisi
965 941 1505 1039 figurationibus
1541 941 1938 1015 moderatis
1980 958 2390 1043 temperan-

209 1074 356 1133 tur
409 1114 431 1131 .
501 1062 794 1135 Graecis
865 1059 1100 1133 uerbis
1155 1060 1456 1133 fortas÷e
1531 1061 1849 1161 apertius
1908 1062 2325 1161 significabo
2360 1095 2385 1133 =

205 1172 318 1245 ταὶ
363 1174 551 1245 καιναὶ
577 1228 592 1255 ,
651 1173 736 1243 ταὶ
783 1178 1120 1269 παράδοξα
1179 1177 1305 1246 ui'v
1341 1175 1815 1266 ἐνθυμημάτων
1876 1180 1927 1245 u’
1971 1230 1987 1245 .
2034 1226 2053 1245 .
2086 1204 2165 1245 τι
2203 1172 2381 1251 κη’-ναὶ

201 1312 370 1361 αλιι
404 1344 420 1361 .
465 1346 480 1361 .
521 1346 536 1361 .
567 1318 648 1359 m
695 1296 944 1361 ηπιθαν
977 1343 994 1361 .
1028 1346 1043 1359 .
1073 1286 1152 1359 δὲ
1201 1292 1282 1359 το*
1333 1319 1386 1359 οι
1469 1294 1582 1361 ,τὶ
1641 1295 1752 1363 καὶ
1782 1344 1799 1361 .
1842 1344 1860 1361 .
1897 1318 2059 1360 mm
2094 1344 2111 1361 .
2147 1340 2165 1359 .
2216 1284 2381 1359 Hoc

200 1432 356 1505 ego
396 1408 594 1481 anim
625 1463 641 1478 .
683 1464 700 1479 .
741 1405 958 1480 nullis
988 1397 1388 1481 rationibus
1409 1460 1430 1476 .
1475 1404 1705 1479 ‚liber
1735 1400 1777 1441 *
1809 1462 1828 1477 .
1856 1460 1875 1475 .
1912 1432 2111 1481 rarus
2136 1465 2156 1482 .
2183 1406 2380 1480 Scias

197 1529 436 1626 igitur
473 1532 550 1603 in
585 1528 730 1606 hoc
770 1556 918 1603 uno
960 1528 1306 1601 eximiam
1344 1542 1377 1577 ἃ
1415 1526 1903 1628 eloquentiam
1938 1541 2143 1601 tuam
2181 1527 2381 1599 clau-

199 1650 388 1724 dere
415 1708 433 1721 .
469 1654 734 1724 Moneo
767 1651 986 1749 igitur
1017 1651 1348 1723 Marcum
1375 1656 1622 1721 meum
1649 1648 1871 1721 etiam
1896 1662 2106 1747 atque
2128 1649 2375 1741 etiam,

199 1787 290 1847 et
331 1788 412 1847 ut
448 1774 860 1848 meminerit
905 1773 1212 1847 obsecro
1251 1828 1288 1866 Ἴ
1351 1770 1951 1871 quotiescumque
1996 1775 2378 1861 deteges-tepor

206 1900 562 1992 ἐνθύμημα
611 1897 856 1968 animo
905 1895 1330 1997 conceperis
1361 1950 1386 1990 .,
1443 1892 1694 1969 uoluas
1732 1892 1916 1967 illud
1941 1947 1965 1986 ‚
1999 1904 2221 1965 temet
2262 1887 2375 1959 di-

195 2014 454 2088 uersis.
489 2017 1034 2115 figurationibus
1079 2042 1318 2089 uerses
1359 2069 1382 2109 ,
1435 2028 1886 2115 temptesque
1922 2056 1945 2104 ἢ
2005 2026 2079 2087 et
2128 2010 2371 2085 uerbis

202 2135 608 2235 splendidis
641 2136 930 2211 excolas
975 2193 996 2207 .
1051 2137 1242 2211 Nam
1286 2162 1466 2235 quae
1505 2162 1694 2209 noua
1730 2150 1802 2208 et
1838 2134 2205 2235 inopinata
2246 2160 2373 2211 au·-

201 2252 574 2329 dientibus
617 2269 783 2329 sunt
814 2311 835 2344 ‚
888 2253 1296 2357 periculum
1341 2263 1454 2329 est
1475 2308 1500 2345 ‚
1530 2254 1673 2327 nisi
1710 2270 2053 2344 ornentur
2088 2269 2161 2327 et
2193 2256 2371 2352 figu-

197 2390 455 2448 rentur
487 2432 510 2469 .,
563 2402 652 2448 ne
689 2376 1070 2451 uideantur
1113 2374 1419 2449 absurda
1449 2430 1468 2447 .
1510 2376 1763 2449 Cetera
1811 2376 2057 2451 omnia
2106 2378 2240 2450 tibi
2292 2380 2370 2451 in

195 2496 614 2599 eloquentia
667 2498 989 2600 expolita
1065 2513 1138 2574 et
1199 2496 1574 2599 explanata
1640 2513 1807 2572 sunt
1842 2552 1864 2569 .
1930 2498 2087 2572 Scis
2150 2498 2367 2579 uerba

201 2646 542 2721 quaerere
571 2676 594 2715 .,
643 2619 786 2693 scis
836 2634 1119 2721 reperta
1151 2633 1344 2693 recte
1391 2618 1755 2693 collocare
1790 2676 1811 2715 ,
1856 2620 1999 2693 scis
2038 2617 2363 2692 colorem

201 2742 564 2815 sincerum
605 2744 976 2817 uetustatis
1015 2733 1456 2842 appingereh
1480 2795 1503 2834 .,
1540 2742 1903 2818 sententiis
1942 2754 2179 2815 autem
2207 2765 2365 2837 gra-

195 2859 517 2934 uissimis
556 2876 632 2936 et
665 2862 1187 2935 honestissimis
1221 2862 1596 2933 abundare
1623 2917 1642 2932 .
1683 2914 1703 2931 .
1731 2915 1752 2931 .

415 2982 521 3054 Ut
580 2980 1000 3083 plerumque
1055 2981 1222 3055 loca
1273 3036 1297 3076 .‚
1387 2982 1642 3078 gradus
1678 3038 1704 3076 ,
1768 2982 2095 3082 pondera
2147 3038 2174 3077 .,
2242 3006 2361 3051 ae-

197 3112 380 3172 tates
415 3156 437 3193 ,
495 3100 1010 3203 dignitatesque
1059 3101 1433 3183 dinoscere
1460 3135 1479 3173 ε
1531 3130 1620 3185 ne
1656 3104 1751 3176 in·
1800 3103 2127 3177 oratione
2147 3126 2353 3200 prae-

197 3236 488 3321 postere
528 3281 550 3318 ,
628 3243 718 3299 ut
773 3230 848 3300 in
905 3225 1298 3301 temulento
1357 3252 1444 3300 ac
1514 3226 1937 3328 perturbato
2010 3221 2351 3297 conuiuio

201 3340 674 3419 conlocentur
709 3380 727 3417 ε
781 3373 964 3448 quae
1031 3347 1216 3421 ratio
1252 3348 1346 3420 sit
1376 3345 1593 3421 uerba
1647 3344 2058 3444 geminandi
2113 3357 2187 3415 et
2242 3342 2355 3415 in-

379 3574 410 3604 *
459 3572 559 3637 M
611 3574 710 3638 De
769 3569 1058 3639 amicitia
1101 3596 1122 3632 ι
1156 3618 1176 3637 .

367 3664 402 3695 ⁴⁵
440 3665 542 3729 M.
592 3664 801 3732 Mire.

301 3912 338 3943 a
371 3894 492 3944 eod.
539 3893 736 3945 uidetur
775 3896 992 3944 eximam
1018 3932 1030 3945 .
1103 3892 1132 3943 b
1169 3896 1245 3945 Ita
1283 3870 1488 3945 schedae
1530 3890 1651 3964 epp.
1687 3898 1759 3945 Ae
1796 3912 1847 3961 p.
1892 3895 2011 3943 232.
2044 3884 2170 3962 adp.

284 4104 304 4139 ι
358 4082 534 4139 Periit
560 4082 661 4143 hic
693 4084 856 4143 locus
893 4087 1219 4157 uniuersum
1306 4082 1644 4146 oblitterata
1679 4097 1763 4143 est
1789 4126 1811 4149 ,

193 4178 254 4223 et
317 4164 554 4243 quidem
594 4180 711 4225 tota
775 4188 958 4245 paene
1008 4172 1224 4251 pagina
