3384 5134
1090 412 1191 498 88
1651 440 1802 504 -An
1887 442 2000 489 mt-
2087 438 2618 488 cansAnnnt

1088 541 1357 613 litteras
1380 537 1852 615 amicissimas
1889 549 2041 611 tuas
2079 532 2432 626 consum,
2488 534 2587 607 ita
2627 532 3008 607 existimo:
3053 556 3217 608 om·-

1086 662 1201 734 nia
1233 638 1409 761 quae
1429 656 1523 731 ad
1561 680 1850 730 causam
1875 711 1899 749 ,
1953 680 2173 756 quam
2207 668 2286 727 tu
2322 655 2542 750 egeris
2579 668 2612 701 ⁸
2645 650 3000 750 adunent,
3057 654 3218 761 pla-

1086 806 1178 853 ne
1209 776 1642 879 proferunda
1664 770 1703 827 ι)
1728 812 1748 847 =
1802 800 1994 876 quae.
2017 774 2110 847 ad
2162 787 2317 846 tuas
2387 772 2718 873 proprias
2775 773 3214 848 adfectiones

1090 890 1451 991 adunent,
1482 893 1656 968 licet
1685 895 1866 967 iusta
1895 906 1969 965 et
1985 882 2392 991 “prouocata
2417 892 2558 963 sint
2587 947 2610 986 .,
2649 904 2885 966 tamen
2917 895 3224 966 reticen-

1088 1016 1185 1091 da
1210 1072 1230 1087 .
1259 1017 1371 1091 Ita
1400 1042 1624 1118 neque
1654 1014 1874 1089 fidem
1897 1014 1970 1085 in
1999 1011 2287 1110 negotio
2316 1012 2728 1111 pannychio
2757 1024 2775 1059 ¹
2804 1038 3026 1114 neque
3057 1038 3224 1084 mo-

1098 1137 1402 1212 destiam
1429 1140 1507 1211 in
1538 1134 2066 1210 existimatione
2093 1147 2208 1206 tua
2241 1130 2520 1205 laeseris
2545 1144 2577 1180 c
2713 1158 2828 1204 me
2860 1186 2903 1203 ..
2938 1133 3028 1205 tis
3055 1186 3099 1201 ..
3127 1130 3222 1205 lis
3285 1128 3302 1147 ⁸

1094 1255 1310 1329 ceteri
1339 1254 1522 1330 mihi
1549 1307 1591 1325 ..
1610 1268 1762 1326 tam
1795 1306 1838 1323 ..
1867 1265 1940 1324 et
1966 1250 2212 1323 dicant
2231 1276 2410 1351 quae
2443 1304 2488 1321 ..
2512 1276 2652 1324 una
2677 1249 2852 1321 haec
2879 1274 3044 1321 cura
3071 1272 3227 1321 ma-

1090 1372 1289 1447 xime
1309 1385 1593 1445 exercet
1617 1426 1639 1465 ‚
1668 1369 1934 1469 nequid
1959 1385 2034 1441 tu
2059 1369 2196 1442 tale
2219 1368 2417 1442 dicas
2437 1424 2460 1463 ,
2491 1368 2684 1469 quod
2722 1369 2861 1441 tuis
2893 1368 3224 1443 moribus

1098 1488 1472 1587 indignum
1504 1488 1790 1587 negotio
1823 1488 2043 1563 inuite
2075 1488 2712 1561 circumstantibus
2750 1488 3226 1587 repraehensi-

1092 1606 1241 1680 bile
1260 1599 1302 1655 d
1316 1605 1640 1680 uideatur
1662 1632 1815 1679 esse
1836 1661 1853 1677 .
1886 1604 2063 1679 Uale
2079 1616 2110 1653 θ
2129 1604 2310 1681 mihi
2329 1606 2606 1681 Fronto
2635 1606 3000 1683 carissime
3021 1621 3095 1677 et
3117 1605 3227 1683 iu·

1098 1723 1533 1801 cundissirne
1556 1723 1764 1801 mihi.

1320 1864 1329 1873 ’
1790 1862 1900 1923 vl.
1955 1868 2246 1921 nummo
2300 1870 2453 1923 mnu
2479 1900 2498 1918 .

1218 2080 1357 2159 In
1390 2080 1650 2155 faciam
1687 2139 1709 2178 .,
1751 2076 2060 2156 Domine
2094 2084 2300 2184 quod
2321 2086 2424 2157 ad
2453 2084 2625 2157 haec
2659 2082 2946 2157 nomina
2975 2109 2996 2175 3
3033 2082 3234 2183 quod

1092 2200 1187 2274 ad
1216 2202 1443 2275 uitam
1466 2216 1549 2275 ut
1580 2218 1647 2277 te
1671 2202 1850 2275 uelle
1875 2200 2290 2275 intellexero
2317 2195 2344 2250 f
2368 2258 2386 2273 .
2417 2256 2435 2273 .
2467 2202 2730 2274 faciam
2761 2231 2782 2294 3
2840 2214 3046 2301 teque
3097 2230 3231 2279 oro

1072 2334 1167 2427 ‘et
1198 2345 1459 2419 quaeso
1492 2348 1579 2395 ne
1606 2346 1956 2422 umquam
1987 2320 2190 2423 quod
2219 2348 2256 2393 a
2287 2348 2406 2398 me
2431 2322 2580 2399 fieri
2616 2319 2927 2399 uolueris
2958 2378 2977 2393 .
3007 2377 3027 2392 .
3057 2377 3074 2393 .
3107 2322 3236 2397 sed

1092 2454 1180 2512 ut
1207 2462 1396 2510 nunc
1424 2492 1440 2507 .
1464 2494 1482 2509 .
1506 2440 1758 2511 suades
1786 2494 1808 2531 .‚
1862 2439 1962 2510 ita
2000 2491 2044 2507 ..
2067 2464 2106 2510 e
2145 2462 2492 2538 umquam
2529 2438 2863 2511 aduersus
2889 2438 3230 2512 uolunta-

1100 2573 1249 2635 tem
1278 2571 1473 2629 tuam
1496 2558 1885 2656 quicquam
1919 2558 2266 2657 incipiam
2292 2614 2310 2628 .
2341 2556 2589 2633 Malim
2623 2559 2840 2631 etiam
2864 2567 2899 2623 8
2929 2614 2947 2629 .
2975 2614 2994 2635 .
3019 2614 3040 2629 .
3065 2582 3236 2630 cau-

1098 2704 1177 2750 sa
1196 2690 1359 2749 sunt
1381 2729 1404 2768 .,
1430 2674 1843 2771 singillatim
1867 2690 2032 2749 sunt
2059 2732 2078 2747 .
2125 2680 2230 2751 Ut
2254 2679 2622 2753 Ciceronis
2649 2678 2952 2753 modum
2971 2680 3234 2780 ‚profe-

1096 2818 1341 2867 ramus
1380 2848 1399 2865 .
1454 2792 1648 2865 Nam
1698 2794 1978 2868 cumin
2005 2792 2358 2867 tantulum
2401 2786 2438 2841 ¹¹
2470 2789 2597 2870 idi
2639 2795 3050 2869 consultum
3095 2821 3236 2871 co·-
3280 2814 3287 2821 ·

1097 2924 1271 3011 gunt
1316 2916 1537 2986 'uersu
1592 2912 1813 3011 cupio
1861 2967 1883 3007 ‚
1967 2913 2386 3012 praesertim
2440 2941 2534 3014 qu
2570 2935 2608 2990 k
2643 2972 2660 2985 .
2703 2970 2716 2985 .
2759 2969 2776 2985 .
2813 2915 2937 2987 sed
2993 2942 3234 3014 pugna

1099 3032 1207 3111 mi
1243 3086 1261 3103 .
1292 3086 1311 3103 .
1343 3032 1489 3107 hoe
1518 3028 1745 3107 modo
1786 3031 2068 3127 transigi
2097 3028 2332 3139 possit
2353 3084 2369 3101 .
2405 3030 2623 3123 Quod
2657 3032 2717 3104 si
2745 3057 3028 3129 agemus
3059 3058 3233 3131 per-

1170 3220 1208 3255 a
1241 3200 1362 3257 cod.
1398 3205 1523 3253 era‘s.
1597 3200 1626 3253 b
1660 3204 1736 3253 Ite
1783 3198 1892 3252 cod.
1937 3214 1978 3252 1.
2017 3218 2209 3261 mnnu3
2245 3220 2296 3255 et
2337 3220 2382 3255 ιι.
2423 3198 2758 3283 proferenda.
2827 3220 2856 3251 e
2891 3202 3239 3257 Desidet-entm-

1102 3288 1259 3341 pauca
1296 3275 1443 3325 uerba
1474 3274 1525 3321 in
1556 3274 1866 3341 sequentibus
1891 3272 2101 3329 lacunis,
2131 3274 2213 3321 ubi
2244 3276 2436 3324 Marcus
2471 3274 2656 3327 dixisse
2680 3274 2874 3325 uidetur
2906 3290 2955 3322 oe
2981 3276 3140 3323 axinus
3165 3278 3236 3327 l.-

1102 3344 1277 3393 bornre
1307 3344 1428 3413 quid
1460 3340 1541 3392 alii
1576 3343 1808 3393 causidici
1839 3341 2140 3391 maledicturi
2169 3344 2289 3401 nint,
2323 3346 2589 3407 dummodo
2623 3348 2854 3395 Frontoni
2891 3343 3009 3393 nihil
3048 3362 3237 3411 praeter

1104 3412 1384 3483 dignitatem
1410 3416 1565 3462 oranti
1594 3411 1786 3463 excidat
1804 3446 1816 3459 .
1885 3412 1924 3461 d
1959 3414 2033 3460 lta
2063 3430 2200 3477 saepe
2225 3415 2332 3485 lego
2373 3434 2486 3465 cum
2527 3416 2732 3484 diphth:
2757 3416 2808 3465 in
2849 3417 3057 3485 antiqui·
3090 3417 3240 3471 codd.

1104 3484 1286 3533 Tamen
1334 3486 1387 3532 in
1432 3484 1636 3549 epistula
1676 3494 1905 3550 aequente
1955 3482 2182 3532 scribitur
2233 3487 2528 3556 reprehendo
2552 3526 2565 3539 .
2638 3502 2664 3531 e
2701 3488 2819 3536 Tota
2869 3484 2984 3533 haec
3029 3487 3240 3538 claum-

1104 3550 1153 3600 h
1188 3553 1415 3609 scribitur
1468 3567 1515 3602 2.
1560 3569 1710 3601 manu
1738 3590 1752 3603 .
1826 3546 1875 3623 f
1895 3552 2080 3618 Suppie
2139 3569 2290 3603 unum
2337 3557 2576 3607 uerbum.
2631 3555 2707 3605 Ita
2759 3571 2808 3606 et
2847 3572 2962 3605 mox
3009 3556 3242 3611 inferint,

1101 3637 1143 3688 g
1172 3620 1357 3687 Supple
1373 3620 1498 3672 duo·
1531 3639 1683 3687 prope
1709 3639 1874 3672 uersu·
1898 3659 1910 3673 .
1979 3622 2014 3669 Ιι
2047 3623 2340 3675 Dubitabnm
2377 3644 2495 3675 num
2528 3629 2578 3675 in
2602 3626 2769 3675 codice
2785 3642 2907 3676 esset
2929 3622 3242 3694 insnum-lum

1104 3708 1168 3741 an
1196 3693 1256 3741 ἰιι
1292 3692 1569 3743 tammam.
1642 3692 1662 3737 ι’
1699 3692 1774 3744 It·
1809 3690 1917 3743 cod.
1958 3706 2007 3742 2.
2033 3695 2358 3757 ωηιιιιίιίῑιι
2397 3696 2569 3750 huet.
2639 3696 2669 3753 l<
2707 3698 2827 3755 Heio
2865 3710 2914 3751 et
2945 3695 3243 3769 insequen-

1106 3762 1238 3811 tibus
1274 3778 1432 3829 pauca
1472 3760 1622 3812 uerba
1658 3760 1990 3821 desiderantur
2014 3800 2029 3819 ,

1194 3920 1218 3955 1
1268 3898 1634 3957 Vocabulum
1676 3900 1911 3960 uidetur
1945 3902 2006 3961 in
2035 3924 2134 3963 re-
2213 3906 2320 3964 bus
2341 3908 2645 3971 audiendis
2680 3924 2877 3970 noctes
2911 3910 3085 3969 etiem
3119 3912 3238 3969 im·-

1106 3980 1412 4055 nponsione
1446 3982 1736 4059 explicare
1753 3988 1970 4043 Fronto
2004 4008 2132 4048 cum
2213 3992 2483 4067 pendisse
2503 3994 2710 4050 scimus
2730 4037 2746 4053 .
2779 3999 2994 4053 Fronto
3018 4015 3110 4071 ep.
3133 3994 3240 4051 als.

1048 4131 1057 4143 Ι
1112 4060 1296 4127 dicit,
1329 4069 1383 4125 si
1416 4085 1654 4140 agemus
1678 4074 1977 4145 perpetuis
2004 4092 2137 4129 ora-
2218 4095 2294 4130 ιιι
2331 4115 2349 4142 ,
2383 4074 2510 4131 Dio.
2567 4096 2730 4137 nxxt.
2775 4080 2850 4149 ὃ,
2887 4076 3140 4163 Capitol.
3173 4078 3242 4141 ¹²12

1105 4144 1396 4207 tionibus.
1437 4148 1707 4214 Ceterum
1723 4152 1981 4218 Marcum
2015 4151 2137 4215 liti-
2215 4156 2290 4215 M.
2329 4175 2452 4239 cap.
2489 4179 2546 4220 x.
