3384 5134
1151 552 1176 599 ι
1193 530 1288 602 82
1946 544 2065 595 Ao
2134 544 2179 593 u
2206 547 2249 595 t
2274 546 2319 595 n
2342 544 2387 593 11
2414 544 2470 592 n

1141 646 1412 747 potiuS,
1439 666 1656 745 quam
1694 640 1983 715 dicendi
2005 640 2350 733 ubertate,
2378 634 2785 740 praeditum
2810 650 2995 735 puto
3020 646 3071 707 ¹.
3102 634 3287 707 Post

1143 770 1552 863 Augustum
1589 760 1915 836 nonnihil
1936 758 2395 861 reliquiarum
2424 759 2569 829 iam
2596 770 2670 828 et
2692 756 3043 827 uictarum
3078 769 3157 826 et
3180 768 3285 825 ta-

1137 886 1588 963 bescentium
1621 882 1914 957 Tiberio
1945 880 2053 953 illi
2081 881 2507 983 superfuisse
2536 934 2555 949 .
2608 880 3098 977 Imperatores
3144 902 3283 946 au-

1142 1018 1289 1077 tem
1316 1004 1648 1101 deinceps
1675 1000 1767 1073 ad
1796 1000 2317 1101 Uespasianum
2344 1025 2565 1099 usque
2590 994 2945 1073 eiusmodi
2976 1020 3277 1087 omnes»,

1139 1138 1224 1197 ut
1255 1150 1400 1196 non
1439 1123 1672 1194 minus
1708 1120 2101 1193 uerborum
2134 1120 2511 1219 puderet2.,
2546 1144 2761 1217 quam
2787 1118 3063 1216 pigeret
3102 1142 3276 1189 rno-

1141 1267 1306 1313 rum
1357 1256 1430 1312 et
1483 1240 1850 1311 miseret-et
1911 1239 2315 1313 facinorum
2357 1295 2376 1312 .
2439 1239 2659 1331 Quod
2716 1238 2873 1339 quis
2920 1250 2954 1285 ³
3006 1236 3214 1309 dicat
3250 1292 3273 1333 .,

1093 1392 1100 1397 ·
1137 1387 1284 1433 non
1320 1360 1511 1435 enim
1531 1360 1953 1435 didicerant
1977 1394 1996 1429 =
2028 1388 2167 1463 qur
2196 1353 2235 1411 h
2256 1386 2423 1459 ergo
2456 1360 2905 1460 imperabant
2924 1353 2967 1433 ’.Ρ
2991 1373 3119 1434 aut
3138 1361 3277 1433 im·

1135 1493 1464 1579 perarent
1505 1494 1706 1579 gestu
1758 1503 2013 1555 censeo
2047 1536 2071 1575 ‚
2126 1495 2209 1555 ut
2251 1480 2633 1555 histriones
2668 1511 2690 1575 ς
2746 1494 2875 1553 aut
2903 1494 3091 1554 nutu
3128 1536 3153 1575 .,
3196 1493 3277 1553 ut

1135 1599 1372 1691 muti3
1412 1612 1534 1671 aut
1567 1626 1693 1698 per
1744 1600 2211 1699 interpretem
2237 1653 2261 1695 ,
2302 1613 2386 1673 ut
2412 1599 2699 1673 barbari
2736 1655 2753 1670 .
2805 1599 2987 1690 Quis
3014 1626 3277 1673 eorum

1139 1722 1462 1793 oratione
1499 1746 1623 1793 sua
1677 1718 2041 1821 populum
2074 1732 2197 1793 aut
2232 1733 2553 1793 senatum
2580 1718 2805 1793 adfari
2829 1712 2873 1793 ’.Ρ
2914 1721 3077 1819 quis
3116 1716 3274 1794 edi-

1135 1856 1339 1927 ctum
1369 1896 1390 1935 ‚
1445 1842 1604 1941 quis
1639 1840 2028 1941 epistulam
2058 1842 2355 1915 suismet
2384 1838 2619 1915 uerbis
2658 1866 3106 1941 componere
3138 1866 3273 1941 po-

1135 1968 1274 2039 tuit
1304 1958 1346 2040 ?
1397 1966 1616 2056 Quasi
1654 1964 2015 2065 phrenetis
2052 1964 2351 2039 morbus
2376 1963 2636 2065 quibus
2660 1962 3067 2063 implicitus
3106 1976 3217 2035 est
3247 2015 3267 2053 ‚

1135 2085 1358 2158 aliena
1391 2085 1803 2186 eloquentes
1842 2084 2349 2183 imperitabant
2372 2116 2392 2155 ε
2426 2097 2509 2156 ut
2534 2082 2747 2155 tibiae
2768 2082 2915 2155 sine
2938 2107 3065 2155 ore
3095 2082 3267 2154 alie-

1128 2230 1228 2276 no
1261 2217 1500 2276 mutae
1531 2215 1731 2291 erant
1756 2256 1778 2273 .
1832 2204 2233 2302 Imperium
2256 2216 2498 2276 autem
2530 2228 2675 2276 nou
2702 2202 3086 2302 potestatis
3120 2218 3269 2274 tan-

1130 2321 1519 2396 tummodo
1573 2321 2011 2395 uocabulum
2051 2380 2075 2417 .‚
2146 2323 2272 2397 sed
2322 2324 2539 2396 etiam
2592 2324 2937 2399 orationis
3010 2337 3130 2395 est
3168 2320 3211 2356 *
3248 2378 3267 2392 .

1132 2438 1418 2540 Quippe
1454 2443 1564 2515 uis
1592 2443 1993 2542 imperandi
2020 2444 2331 2517 iubendo
2372 2441 2819 2543 uetandoque
2849 2459 3225 2517 exercetur
3248 2502 3263 2514 .

1133 2558 1295 2633 Nisi
1324 2562 1500 2634 bene
1537 2562 1727 2635 saeta
1762 2562 2005 2636 laudet
2030 2618 2053 2657 ,
2088 2564 2226 2635 nisi
2258 2590 2633 2665 perperam
2662 2578 2845 2663 gesta
2888 2566 3271 2663 reprehen-
3344 2630 3346 2645 ε

1135 2678 1309 2773 dat,
1363 2683 1498 2753 nisi
1542 2682 1870 2756 hortetur
1908 2682 2001 2755 ad
2038 2682 2377 2756 uirtutem
2408 2736 2431 2771 ,
2484 2685 2620 2757 nisi
2670 2712 2711 2757 a
2762 2685 2953 2760 uitiis
3022 2684 3269 2760 deter-

1133 2816 1321 2891 rent,
1379 2828 1638 2875 nomen
1673 2830 1883 2879 suum
1917 2803 2236 2893 deserat,
2288 2818 2360 2878 et
2388 2806 2787 2904 imperator
2838 2807 3101 2879 frustra
3148 2838 3273 2909 ap-

1133 2919 1438 3021 pelletur
1474 2977 1490 2992 .
1523 2978 1542 2993 .
1580 2978 1597 2993 .
1635 2940 1925 3023 partum
1980 2924 2353 2999 suaderent
2382 2926 2769 3025 imperium
2823 2926 2995 3001 falsa
3030 2954 3267 3027 pugna

1135 3040 1406 3113 deferre
1445 3040 1750 3116 militare
1784 3040 2136 3141 flagitium
2162 3045 2653 3117 testimonium
2692 3100 2737 3114 ..
2774 3042 3067 3144 capitali
3108 3040 3263 3116 ⁰..*

1313 3283 1346 3313 ⁸
1397 3281 1492 3347 M.
1553 3282 1917 3367 Imperator
1957 3280 2163 3344 sciens
2210 3303 2344 3345 esse
2378 3278 2570 3345 debet
2614 3276 2983 3345 litterarum
3022 3327 3037 3342 .

1317 3372 1495 3526 :1211
1569 3370 1831 3436 Ueteris
1926 3368 2339 3460 eloquentiae
2420 3368 2711 3437 colorem
2790 3368 3263 3438 adumbratum

1139 3473 1318 3525 osten
1372 3462 1420 3525 it
1457 3464 1491 3521 3
1533 3512 1548 3527 .

1202 3708 1238 3739 α
1273 3690 1448 3741 similis
1490 3690 1674 3741 locutio
1718 3694 1816 3741 aine
1846 3693 1889 3742 εἱ
1926 3706 1998 3744 eat
2034 3690 2095 3742 ad
2117 3695 2259 3750 amic.
2300 3692 2344 3744 1.
2376 3708 2453 3742 xo.
2520 3688 2551 3742 ὃ
2586 3690 2791 3743 luced.
2862 3708 2891 3741 c
2924 3692 3045 3743 Ten
3086 3696 3145 3747 in
3168 3717 3261 3764 pa-

1133 3762 1247 3831 gin·
1287 3763 1370 3811 uix
1409 3778 1500 3811 tren
1549 3763 1770 3813 uersiculi
1812 3764 2041 3835 leguntur
2067 3800 2081 3815 .

1103 3842 1112 3877 Ῑ

1221 3946 1246 3984 ι
1285 3928 1494 3983 Confer
1529 3927 1706 3985 Gellii
1746 3931 1872 3987 XV.
1918 3950 1950 4007 7
1986 3928 2149 3987 iudi·
2227 3929 2535 3991 Claudium
2596 3933 2873 4009 producit
2906 3960 2923 4003 ς
2968 3933 3257 4013 primum-

1137 4010 1287 4068 cium
1321 4010 1393 4065 de
1431 4010 1668 4085 Augusti
1693 4012 2015 4068 elocutione
2036 4056 2051 4069 .
2230 4032 2339 4087 qne
2358 4016 2439 4071 ait
2457 4018 2742 4071 Neronem
2771 4017 2957 4077 uisum
2978 4038 3101 4077 esse
3120 4020 3253 4076 alie-

1211 4111 1244 4147 2
1291 4094 1504 4147 Contra
1543 4112 1761 4170 mprem
1781 4114 1943 4150 suum
1964 4094 2158 4151 indul-
2238 4113 2345 4153 nae
2358 4098 2668 4155 facundiae
2688 4118 2857 4175 egere
2882 4140 2897 4153 .

1127 4172 1360 4248 flentior
1397 4173 1630 4230 Tacitus
1654 4174 1839 4230 annal·
1881 4179 2042 4233 xm.
2092 4178 2148 4235 3.
2316 4180 2351 4237 3
2396 4182 2509 4239 Sed
2569 4180 2713 4241 haee
2754 4182 3031 4243 uidelicet
3072 4182 3135 4241 in
3168 4182 3252 4240 lt-

1133 4253 1521 4333 eloquentiam
1542 4261 1846 4317 Caesarum
1864 4278 2043 4336 usque
2075 4260 2153 4319 ad
2234 4264 2394 4323 cunis
2424 4262 2644 4323 latent.
