3384 5134
957 524 998 572 ι»
1036 522 1080 573 A
1105 528 1148 574 ιι
1175 528 1220 574 τ
1246 524 1294 572 n
1325 526 1350 575 1
1381 526 1418 574 c
1449 525 1493 576 o
2138 503 2289 581 203

127 636 254 697 uie
289 615 513 695 sunt*
533 674 552 691 .
588 621 767 693 Inea
804 644 1040 719 pugna
1057 619 1308 720 Scipio
1333 633 1682 720 quantum
1705 618 2089 693 hominum
2114 649 2295 721 poe-

131 770 416 818 norum
449 746 912 843 afrorumque
949 740 1186 841 cepit,
1208 755 1333 815 aut
1375 740 1675 837 occidit,
1714 740 1839 813 aut
1870 742 1945 815 in
1980 740 2297 817 deditio-

131 888 318 937 nem
353 864 641 965 accepit
673 866 692 936 !
741 860 818 934 Si
868 876 1121 935 esrum
1164 859 1440 959 linguas
1475 840 1781 935 resecari
1818 861 2242 963 imperasset
2273 915 2302 955 ‚

133 1010 411 1057 nauem
447 996 781 1056 onustam
814 981 1073 1080 linguis
1116 980 1441 1054 hostium
1478 980 1794 1054 Romam
1825 982 2150 1081 inegisset
2174 1037 2196 1053 .

358 1101 580 1195 Quod
611 1116 676 1175 he
711 1104 837 1175 uix
869 1103 1260 1203 quicquam
1297 1102 1437 1174 nisi
1469 1101 1737 1201 raptim
1762 1115 1837 1174 et
1874 1103 2125 1177 furtim
2152 1114 2171 1149 ¹
2196 1099 2300 1174 le-

131 1249 310 1321 gere
342 1250 556 1324 posse
587 1250 758 1325 prae
797 1225 990 1297 curis
1023 1224 1509 1324 praesentibus
1539 1224 1889 1298 scribsisti
1920 1256 1943 1319 ς
1994 1225 2105 1297 fac
2134 1248 2296 1297 me-

132 1344 444 1419 mineris
469 1361 542 1421 et
565 1370 735 1419 cum
759 1348 1002 1419 animo
1035 1360 1158 1419 tuo
1189 1348 1463 1445 cogites
1491 1402 1514 1441 ‚
1555 1347 1670 1419 ·C·
1708 1348 2085 1421 Caesarem
2105 1360 2303 1419 atro-

139 1462 454 1537 cissimo
504 1460 695 1539 bello
733 1463 994 1562 gallico
1045 1488 1218 1537 cum
1261 1466 1390 1538 alia
1449 1463 1680 1537 multa
1719 1461 2053 1537 militaria
2080 1518 2103 1557 ‚
2147 1477 2304 1538 tum

133 1580 370 1654 etiam
397 1580 694 1658 duosde
748 1582 1072 1682 analogia
1119 1582 1348 1659 libros
1408 1580 2081 1684 scrupulosissimos
2126 1580 2304 1655 scri-

135 1701 376 1799 psisse
401 1695 470 1795 *3
507 1702 692 1776 inter
723 1702 858 1777 tela
891 1696 1204 1777 uolantia
1243 1702 1334 1775 de
1373 1701 1785 1777 nominibus
1818 1699 2300 1793 declinandis,

133 1817 238 1890 de
279 1820 670 1894 uerborum
729 1823 1284 1922 aspirationibus
1325 1836 1400 1896 et
1437 1821 1835 1895 rationibus
1885 1822 2066 1893 inoer
2118 1816 2303 1891 clas·-

141 1940 305 2012 sica
333 1954 409 2014 et
455 1939 666 2039 tubas
693 1998 712 2013 .
757 1940 912 2033 Qui·
941 1943 1158 2041 igitur
1187 1958 1265 2016 tu
1287 1999 1310 2035 ‚
1369 1944 1606 2015 Marce
1632 1996 1654 2034 ,
1685 1966 1842 2015 non
1874 1940 2153 2013 minore
2188 1939 2302 2013 in·-

139 2064 354 2156 genio
397 2063 760 2160 praeditus
817 2092 1037 2166 quam
1084 2066 1200 2139 ·C·
1237 2066 1555 2157 Caesar,
1618 2088 1753 2136 nec
1802 2062 2039 2135 minus
2092 2059 2297 2133 ordi-

131 2212 233 2258 ne
253 2182 542 2257 inclitus
569 2200 604 2237 ⁸
635 2242 658 2279 ,
698 2212 830 2260 nec
871 2184 1342 2288 paucioribus
1379 2184 1733 2287 exemplis
1757 2196 1880 2258 aut
1900 2182 2303 2258 documen·-

133 2305 238 2377 tis
299 2303 766 2381 familiaribus
833 2310 1226 2382 instructus
1285 2362 1308 2401 .,
1375 2332 1525 2379 non
1592 2307 1837 2379 uineas
1884 2302 2169 2403 negotia
2224 2313 2301 2375 et

133 2426 464 2500 inuenias
509 2426 794 2501 tibimet
837 2440 1167 2528 tempora
1203 2454 1350 2501 non
1404 2425 1632 2501 modo
1691 2424 1785 2502 ad
1842 2425 2194 2499 orationes
2222 2434 2298 2498 et

133 2558 482 2644 poemata
533 2559 607 2619 et
641 2546 966 2620 historias
1011 2560 1084 2621 et
1127 2560 1506 2648 praecepta
1559 2546 1995 2647 sapientium
2050 2542 2291 2641 legen-

133 2662 234 2735 da
269 2718 293 2757 ‚
349 2664 474 2739 sed
507 2667 724 2741 etiam
755 2666 1186 2770 sillogismos
1217 2658 1260 2719 ¹³
1295 2724 1318 2763 .,
1386 2668 1448 2743 si
1505 2667 1785 2769 perpeti
1838 2681 2047 2769 potes
2084 2720 2107 2760 .,
2172 2686 2295 2737 re·

141 2782 536 2859 soluendos
561 2778 605 2860 ’.Ρ

355 2906 570 2980 Nunc
621 2964 646 3003 ,
749 2924 832 2983 ut
893 2909 1293 2987 orationem
1359 2911 1576 2983 istam
1639 2889 1832 2983 Tulli
1885 2919 1919 2958 2
1974 2961 1998 3002 ‚
2074 2930 2294 3009 quam

139 3023 282 3098 tibi
318 3023 682 3127 legendam
724 3032 920 3125 misi.¹
956 3032 1206 3132 paucis
1239 3030 1760 3107 commendem
1791 3062 1812 3123 3
1844 3030 2027 3103 mihi
2056 3028 2298 3129 profe-

325 3254 358 3285 *
404 3258 504 3323 ΙΙΙ.
553 3256 746 3323 Uicta
801 3260 1200 3355 Carthagine
1237 3261 1354 3353 qui
1389 3258 1622 3327 anulos
1661 3259 2076 3326 detraxerant
2113 3271 2292 3323 cate·

151 3368 276 3413 nas
346 3366 778 3439 acceperunt.

334 3438 368 3473 ⁸
412 3441 512 3505 M.
563 3442 770 3509 Gaius
819 3442 1060 3511 Caesar
1133 3444 1302 3511 duos
1361 3443 1443 3511 de
1513 3440 1809 3535 analogia
1854 3440 2062 3507 liBros
2108 3434 2289 3505 bello

141 3526 394 3619 gallico
431 3534 972 3621 occupatissimus
1007 3534 1264 3625 scripsit
1299 3583 1318 3599 .

255 3745 686 3825 acossuidetu
739 3747 981 3799 imum.
1051 3742 1432 3801 blm-cheam
1475 3750 1694 3799 cumi.

231 3878 256 3915 r
310 3858 646 3934 Respondet
685 3858 902 3915 Fronto
951 3854 1028 3913 ad
1071 3855 1178 3913 iila
1259 3856 1882 3933 Veriprosectionem.

131 3960 294 4017 quae
337 3939 391 3996 ei
423 3940 736 4018 scripserat
807 3943 1038 3999 Marcus
1068 3939 1170 3999 lib.
1343 3960 1374 3997 a
1424 3942 1647 4019 Nempe
1720 3940 2165 4018 pompeianam,
2226 3943 2291 4001 in

135 4022 222 4079 ad
255 4022 470 4080 Anton-
495 4022 635 4100 imp.
683 4022 760 4081 11.
817 4042 863 4079 ι.
899 4022 1050 4081 Hinc
1065 4042 1177 4099 pa-
1259 4042 1375 4101 qua
1407 4022 1602 4099 agitur
1639 4024 1715 4081 de
1748 4022 2144 4085 mithridatico
2166 4025 2289 4085 bel·

135 4118 230 4163 tet
267 4103 430 4163 illam
467 4122 698 4182 quoque
739 4104 918 4163 Marci
963 4104 1180 4182 epistu-
1257 4094 1356 4175 lo,
1399 4106 1554 4182 quod
1579 4107 1691 4165 ruit
1726 4126 1937 4183 genere
1978 4120 2037 4169 et
2068 4108 2295 4189 magui·

137 4203 264 4247 tam
301 4187 578 4265 scriptam
631 4208 751 4246 esse
802 4200 934 4247 ante
987 4188 1178 4247 uicto-
1261 4187 1465 4253 tudine
1499 4186 1769 4271 parthico
1810 4209 1948 4271 par.

133 4270 288 4329 riam
310 4268 670 4353 parthicam,
706 4281 766 4333 et
795 4271 1032 4350 quidam
1047 4283 1179 4335 ame
