3384 5134
1071 426 1118 473 1,
1145 424 1172 473 1
1203 428 1236 473 n
1267 422 1308 477 ε
1333 427 1378 475 n
1467 424 1498 476 ι
2216 396 2365 497 145

189 528 355 595 tem
375 520 526 599 hoc
556 526 740 599 mihi
782 524 1112 599 omnium
1147 523 1538 599 hominum
1561 578 1584 618 ‚
1627 548 1813 623 quos
1845 546 1975 621 ego
2008 548 2363 623 cog-noue-

183 644 346 715 rim
374 702 397 742 ‚
421 648 758 724 uberiore
781 674 1002 749 quam
1027 660 1106 719 tu
1131 648 1224 721 sis
1250 647 1534 743 ingenio
1567 645 1938 719 adfectum
1965 648 2371 747 comperis·-

183 792 266 839 se
329 794 448 842 me
485 774 853 847 neminem
889 806 907 843 ε
961 770 1166 871 quod
1202 770 1500 873 quidem
1543 795 1674 868 ego
1726 794 1981 865 magua
2030 794 2203 841 cum
2239 766 2371 841 lite

185 890 576 965 Uictorini
607 894 886 986 nostri,
914 905 986 963 et
1019 916 1277 987 magna
1302 893 1454 964 eius
1494 916 1666 964 cum
1702 889 1850 963 bile
1888 890 2213 965 adiurare
2243 913 2369 961 so-
2460 920 2465 929 ’

179 1010 470 1107 lebam,
513 1040 686 1088 cum
725 1040 894 1087 eum
923 1012 1286 1112 adspirare
1322 1012 1417 1087 ad
1451 1011 2071 1113 pulchritudinem
2108 1012 2376 1111 ingenii,

187 1134 312 1207 tui
366 1158 580 1234 posse
619 1158 952 1231 negarem
989 1188 1009 1204 .
1069 1134 1258 1205 Tum
1296 1132 1414 1205 ille
1454 1159 1658 1205 meus
1693 1134 2041 1214 Rusticus
2066 1145 2085 1179 ¹
2126 1120 2373 1209 roma-‚3

183 1284 334 1329 nus
362 1312 384 1350 ‚
423 1256 550 1356 qni
583 1255 812 1327 uitam
853 1276 1060 1327 suam
1099 1278 1238 1351 pro
1286 1252 1675 1353 unguiculo
1718 1268 1845 1333 tuo
1890 1253 2197 1333 libenter
2246 1252 2373 1343 cle-

189 1378 474 1451 diderit
506 1393 722 1477 atque
755 1376 1134 1449 deuouerit
1169 1432 1194 1469 ‚
1245 1374 1336 1447 de
1363 1376 1644 1473 ingenio
1700 1384 1943 1449 tamen
1976 1374 2245 1449 inuitus
2292 1385 2369 1451 et

189 1498 428 1569 tristis
461 1521 666 1591 aegre
697 1494 1146 1568 concedebat
1174 1547 1193 1563 .
2350 1572 2367 1583 .

410 1621 662 1693 Unum
689 1618 822 1695 tibi
845 1616 1256 1718 periculum
1291 1616 1464 1711 fuit,
1495 1616 1898 1709 Antonine,
1934 1614 2133 1701 idem
2160 1615 2363 1717 quod

185 1738 542 1821 omnibus
579 1738 704 1837 qui
727 1736 1022 1821 sublimi
1053 1735 1334 1832 ingenio
1372 1736 1815 1829 extiterunt,
1861 1762 1950 1807 ne
1991 1734 2067 1807 in
2099 1737 2369 1812 uerbo-

187 1884 362 1931 rum
399 1857 613 1957 copia
663 1869 738 1930 et
793 1855 1330 1957 pulchritudine
1381 1854 1751 1929 clauderes
1790 1887 1808 1924 ι
1850 1868 2121 1954 quanto
2164 1856 2363 1931 enim

189 1978 590 2079 ampliores
647 1976 1030 2049 sententiae
1087 1988 1418 2045 creantur
1442 2028 1464 2067 ‚
1501 1987 1705 2046 tanto
1730 1970 2099 2047 difficilius
2122 1974 2363 2048 uerbis

183 2101 625 2173 uestiuntur=
645 2120 778 2169 nec
805 2094 1268 2171 mediocriter
1289 2092 1773 2169 laborandum
1797 2108 1827 2143 ⁸
1848 2102 1979 2183 est,
2000 2120 2088 2165 ne
2108 2119 2368 2193 proce-

187 2248 318 2295 rae
351 2219 516 2293 illae
549 2218 934 2291 sententiae
957 2214 1146 2289 male
1179 2216 1326 2289 sint
1363 2214 1674 2291 amictae
1693 2270 1719 2309 ‚
1754 2240 1935 2288 neue
1960 2214 2371 2291 indecorius

185 2341 508 2433 cinctae,
535 2362 712 2410 neue
739 2335 883 2409 sint
897 2333 1316 2410 seminudae
1332 2389 1352 2405 .
1378 2334 1821 2417 Meministin
1842 2335 1997 2409 eius
2022 2336 2368 2409 orationis

186 2474 361 2533 tuae
401 2514 424 2554 ‚
456 2484 678 2561 quam
701 2459 830 2533 uix
859 2456 1036 2532 dum
1069 2458 1458 2560 pueritiam
1486 2482 1807 2555 egressus
1838 2458 1915 2531 in
1953 2472 2205 2533 senatu
2240 2459 2368 2531 ha-

185 2582 418 2656 buisti
445 2574 490 2656 ’.ἶ
518 2582 594 2654 in
611 2608 754 2681 qua
781 2604 956 2655 cum
981 2580 1292 2679 imagine
1325 2580 1620 2656 utriculi
1651 2580 1747 2655 ad
1779 2579 2203 2681 exemplum
2228 2580 2365 2654 ad-

197 2702 836 2777 commodandum
873 2730 1040 2779 usus
1061 2730 1250 2777 esses
1275 2759 1297 2797 ‚
1331 2705 1542 2777 anxie
1577 2702 1959 2799 ambare,
1990 2730 2083 2777 ne
2104 2728 2369 2805 parum

191 2848 334 2923 pro
359 2821 512 2896 loci
533 2836 608 2895 et
629 2822 906 2897 ordinis
933 2822 1274 2921 dignitate
1299 2816 1415 2887 τὶν
1445 2818 1670 2889 εἰκέναι
1701 2850 2121 2925 usurpasses
2148 2856 2171 2917 ς
2212 2852 2369 2927 mej-

195 2968 342 3041 que
361 2942 680 3042 primam
705 2941 902 3018 illam
920 2940 1452 3041 longiusculam
1468 2935 1506 2993 b
1520 2941 1614 3015 ad
1643 2958 1711 3017 te
1727 2958 1757 2994 ⁰
1774 2944 2164 3045 epistulam
2186 2943 2368 3023 scria·

191 3061 420 3163 psisse
434 3072 496 3154 ²,
524 3062 798 3159 quaid,
829 3063 1030 3165 quod
1053 3090 1162 3137 res
1189 3076 1328 3169 est,
1357 3063 1773 3163 augurabar,
1804 3064 2049 3159 magni
2072 3061 2307 3159 ingeni
2330 3054 2372 3111 d

265 3264 304 3295 a
339 3247 400 3297 In
435 3250 652 3319 margine
699 3248 786 3299 nbi
839 3248 1078 3317 repetitur
1107 3252 1340 3303 sententia
1363 3288 1377 3310 ,
1425 3252 1662 3303 scribitur
1706 3250 1963 3319 agendum
1998 3264 2091 3313 pro
2114 3244 2373 3297 laboran-

193 3314 320 3365 &am
343 3355 356 3369 .
427 3318 458 3367 b
494 3320 618 3369 cod.
672 3320 1045 3389 logglnsculam
1099 3322 1252 3375 modo
1296 3340 1470 3394 graeco
1513 3322 1805 3381 scribendi3
1846 3321 1931 3371 sed
1967 3318 2152 3401 ibide-u
2194 3334 2365 3386 ponte·

191 3388 508 3439 emendatum
550 3390 918 3459 longiusculam
941 3431 954 3443 .
1023 3410 1054 3441 c
1087 3393 1210 3443 Cod.
1247 3412 1298 3446 se
1321 3432 1333 3444 .
1404 3395 1441 3445 d
1477 3394 1553 3443 Iu
1607 3392 1721 3443 cod.
1774 3410 1889 3441 eum
1949 3391 2097 3443 unica
2130 3406 2191 3451 63
2230 3386 2368 3460 quod

191 3476 366 3509 rarum
419 3461 474 3511 in
515 3462 759 3513 Frontone
780 3498 796 3521 ,
835 3466 890 3514 iu
926 3466 1030 3515 Cic.
1065 3463 1132 3513 de
1165 3482 1275 3531 rep.
1321 3463 1805 3537 pei-uulgatissimum
1839 3476 1945 3515 eet.

285 3652 308 3687 ι
355 3634 444 3691 De
469 3632 648 3691 Marci
684 3634 942 3711 impenso
962 3654 1097 3711 erga
1117 3636 1240 3693 Ru·-
1318 3654 1492 3713 saepe
1553 3652 1614 3691 se
1669 3633 1916 3703 innocue
1982 3628 2369 3693 succensuisse

189 3714 402 3773 sticum
433 3716 632 3773 studio
679 3719 818 3775 satis
863 3718 1004 3775 dicit
1053 3717 1241 3795 Capi-
1322 3718 1404 3775 ait
1453 3720 1681 3775 Marcus
1717 3718 1788 3776 R.
1810 3718 1866 3776 S.
1905 3718 1951 3775 1.
1998 3736 2085 3794 ¹7·

195 3796 410 3855 lolinus
444 3818 568 3875 cap.
610 3801 715 3859 111.
753 3800 950 3858 Mirari
991 3820 1128 3857 uero
1163 3799 1243 3856 li-
1406 3820 1440 3859 α
1488 3802 1639 3857 Num
1675 3812 1763 3857 est
1816 3798 2199 3873 intelligenda
2238 3794 2371 3871 epi-

193 3894 286 3942 cet
305 3884 896 3961 Frontonemquoque
916 3884 1092 3941 fuisse
1111 3884 1244 3941 Ru·
1323 3880 1476 3939 stula
1525 3882 1600 3939 ad
1657 3888 1753 3942 M-
1799 3888 2108 3941 Caesarem
2145 3880 2219 3937 de
2253 3898 2371 3955 pa-

165 3962 322 4019 'sn'ci
362 3964 725 4033 studiosum,
772 3966 931 4023 cuius
997 3965 1236 4025 consilio
1317 3965 1506 4023 tanda
1549 3964 1879 4043 eloqueniia
1946 3964 2106 4022 cuius
2170 3960 2364 4037 ampla

187 4048 422 4102 Marcus
473 4067 535 4103 se
568 4048 640 4106 ab
678 4046 982 4106 rhetoricis
1016 4049 1238 4106 exerci-
1317 4048 1644 4123 fragmenta
1681 4050 1887 4107 damus
1932 4066 1965 4105 e
2002 4043 2210 4107 codice
2243 4064 2375 4102 me-

187 4128 293 4184 tiis
325 4128 678 4187 abstractum
701 4132 875 4189 fuisse
910 4132 990 4187 ait
1013 4133 1086 4189 de
1121 4134 1239 4190 zeb.
1328 4131 1695 4193 diolanensil

191 4210 316 4269 suis
365 4212 414 4267 1.
453 4234 506 4291 7.
559 4212 956 4275 Nihilominus
997 4214 1244 4277 Rustico

301 4312 594 4393 V01J,
1690 4338 1779 4391 ιο
