3384 5134
980 479 1025 529 1.
1054 480 1079 525 1
1108 482 1143 527 Β
1168 483 1209 529 1:
1240 482 1283 529 ιι
1360 476 1459 531 ῐιῐ
2255 474 2262 481 ’

152 560 295 651 mei
338 554 709 653 amantior
738 600 851 669 es,
909 587 1110 649 tanto
1143 600 1262 647 me
1292 572 1627 651 laborum
1654 589 1954 655 tuorum
1999 478 2284 684 parciyoyss·
2359 592 2388 630 ·''

145 724 301 772 rem
329 752 357 791 ‚
410 712 487 770 et
526 696 1093 795 occupationum
1162 708 1449 769 tuarum
1512 697 2030 775 modestiorem
2067 718 2099 753 ὅ·
2133 732 2286 779 esse

146 826 443 914 oportet
479 870 497 885 .
552 816 750 907 Quid
778 828 889 888 est
926 814 1109 886 mihi
1145 814 1391 887 osculo
1436 830 1557 887 tuo
1598 814 1942 894 suauius?
1992 821 2110 893 ille
2147 824 2286 897 mi·-

142 934 219 1006 hi
256 935 509 1009 suauis
544 934 731 1009 odor
755 946 776 981 ¹
806 990 829 1029 ,
864 932 983 1007 ille
1018 934 1293 1007 fructus
1330 936 1405 1007 in
1441 949 1563 1007 tuo
1604 935 1801 1012 collo
1837 955 2045 1041 atque
2082 966 2289 1013 oscu-

144 1052 216 1128 lo
230 1055 413 1127 situs
436 1054 935 1129 est.Adtamen
963 1048 1001 1103 ¹³
1019 1056 1357 1154 proxime
1380 1081 1547 1128 cum
1563 1060 2290 1156 proficiscere1·e,cum

144 1174 299 1249 iam
332 1188 543 1276 pater
570 1189 733 1248 tuus
754 1174 1168 1249 uehiculum
1217 1176 1796 1272 conscendisset,
1853 1194 1924 1253 te
1966 1180 2284 1254 salutan-

146 1297 341 1369 tium
385 1312 459 1371 et
514 1294 1091 1373 exosculantium
1151 1296 1355 1369 turba
1411 1294 1679 1371 diutius
1749 1316 2229 1375 morareretur
2256 1357 2280 1395 .,

154 1444 394 1517 prope
459 1417 595 1489 fuit
625 1429 655 1464 ¹²
694 1430 777 1490 ut
805 1409 847 1465 d
900 1431 969 1489 te
1020 1414 1217 1490 solus
1266 1444 1357 1489 ex
1410 1419 1743 1492 omnibus
1795 1447 1942 1493 non
1981 1420 2282 1520 conple-

150 1552 389 1611 cterer
425 1563 557 1611 nec
618 1537 1067 1612 exoscularer
1092 1593 1112 1608 .
1167 1540 1353 1611 Item
1409 1540 1483 1611 in
1547 1542 1800 1615 ceteris
1855 1542 2012 1614 aliis
2071 1543 2283 1615 rebus

145 1658 533 1751 omnibu3‚
588 1682 981 1758 numquam
1032 1658 1368 1757 equidem
1438 1685 1597 1731 mea
1678 1660 2069 1733 commoda
2138 1662 2280 1731 tuis

142 1778 575 1853 utilitatibus
598 1792 1071 1877 anteponam3
1104 1780 1282 1877 quin
1311 1834 1333 1872 .,
1366 1780 1429 1853 si
1456 1806 1637 1877 opus
1666 1782 1760 1851 sit
1779 1836 1800 1873 ‚
1829 1806 1992 1853 meo
2019 1778 2286 1876 grauis·

144 1894 339 1968 simo
388 1896 637 1971 labore
660 1910 870 1996 atque
906 1881 1193 1993 negotio
1232 1910 1437 1969 tuum
1491 1895 1936 1971 leuissimum
1990 1898 2286 1969 otium.⁰

148 2014 549 2087 redimam.
605 2016 833 2111 Igitur
890 2016 1212 2113 cogitans
1236 2030 1585 2114 quantum
1622 2043 1712 2089 ex
1735 2013 2060 2115 epistulis
2107 2013 2288 2087 scri-

140 2132 399 2207 bendis
452 2134 721 2208 laboris
760 2159 1048 2234 caperes
1077 2190 1101 2229 ‚
1158 2124 1677 2236 proposueram
1716 2137 2003 2235 parcius
2055 2150 2118 2209 te
2154 2162 2283 2234 ap-

141 2244 411 2348 pellare
450 2282 473 2347 ς
529 2280 757 2353 quom
798 2268 877 2325 tu
909 2254 1179 2327 cotidie
1212 2254 1567 2354 scripsisti
1594 2254 1776 2325 mihi
1802 2266 1834 2301 ²
1866 2288 1884 2323 ε
1943 2280 2120 2353 quas
2153 2278 2282 2350 ego

140 2370 498 2471 epistulas
529 2392 757 2473 quom
772 2374 1181 2472 acciperem
1200 2428 1221 2466 .,
1243 2370 1474 2445 simile
1498 2369 1826 2469 patiebar
1845 2368 2046 2468 quod
2078 2395 2281 2441 ama-

142 2506 261 2565 tor
289 2493 567 2593 patitur
593 2547 616 2585 ‚
656 2492 783 2591 qui
818 2491 1111 2570 delicias
1137 2515 1299 2567 suas
1336 2490 1573 2564 uideat
1612 2513 1894 2563 currere
1928 2488 2019 2561 ad
2045 2514 2117 2561 se
2147 2512 2276 2586 per

142 2612 279 2685 iter
316 2638 652 2711 asperum
692 2626 765 2685 et
813 2611 1341 2711 periculosum.
1398 2600 1725 2709 Namque
1775 2609 1836 2683 is
1893 2608 2104 2683 simul
2145 2606 2275 2679 ad-

146 2732 549 2803 uenientem
578 2722 609 2776 1·
622 2730 917 2827 gaudet,
952 2730 1167 2805 simul
1206 2729 1611 2830 periculum
1637 2743 1916 2801 ueretur
1942 2736 1978 2792 8
2008 2781 2027 2798 .
2065 2724 2276 2799 Unde

142 2847 487 2948 displicet
560 2849 745 2921 mihi
810 2848 1047 2923 fabula
1124 2845 1592 2921 histrionibus
1653 2846 2007 2919 celebrata
2050 2900 2072 2937 .,
2149 2843 2276 2917 uhi

138 2992 391 3043 amaus
418 2982 780 3041 amantem
813 2967 1049 3069 puella
1092 2966 1422 3040 iuuenem
1455 2980 1671 3039 nocte
1705 2964 1973 3037 lumine
2019 2988 2274 3035 accen-

138 3110 223 3157 so
248 3098 453 3169 stans
486 3086 558 3158 in
588 3086 763 3159 turri
804 3102 1166 3160 natantem
1204 3088 1277 3157 in
1320 3110 1513 3159 mare
1540 3075 1579 3131 ¹¹
1610 3082 1982 3183 opperitur
2010 3135 2029 3150 .
2085 3080 2274 3151 Nam

150 3230 285 3301 ego
331 3207 573 3305 potius
599 3222 665 3279 te
691 3228 980 3280 caruero
1006 3261 1029 3299 ‚
1062 3206 1348 3279 tametsi
1396 3230 1639 3277 amore
1675 3217 1800 3275 tuo
1833 3199 2048 3271 ardeo
2087 3252 2108 3292 ‚
2145 3224 2285 3298 po-

154 3329 303 3400 tius
338 3322 596 3427 iquam
626 3342 695 3400 te
736 3327 842 3437 ad⁸
876 3327 1020 3400 hoc
1080 3327 1317 3400 fluctis
1374 3340 1613 3398 natare
1654 3336 1930 3395 tantum
1969 3318 2284 3419 profun-

149 3444 224 3517 di
260 3446 554 3544 patiare,
607 3473 697 3521 ne
732 3444 898 3519 luna
944 3446 1235 3521 occidat
1271 3502 1293 3538 ‚
1341 3472 1430 3517 ne
1469 3456 1722 3517 uentus
1772 3438 2136 3511 lucernam
2173 3437 2287 3509 in·-

144 3574 459 3635 teremat
496 3566 583 3655 k,
637 3590 723 3637 ne
786 3563 965 3663 quid
1016 3564 1149 3637 tibi
1213 3590 1303 3636 ex
1362 3562 1621 3661 frigore
1669 3556 2131 3657 inpliciscar3
2198 3578 2286 3639 ne

200 3722 241 3753 a
280 3702 408 3753 Cod-
442 3706 785 3777 ”gode-selorum
807 3709 1072 3758 .Notemus
1100 3722 1259 3757 tutem
1296 3706 1541 3757 modestus
1573 3724 1685 3754 cnm
1721 3706 1934 3775 genitiuo
1961 3720 2104 3752 casu.
2145 3698 2286 3749 Plau·

138 3790 214 3823 tus
254 3775 511 3825 trinnnuu.
545 3792 623 3828 lv.
668 3794 709 3827 1.
742 3793 821 3825 η.
854 3780 1089 3829 construit
1116 3796 1229 3827 cum
1260 3778 1453 3827 datiu0.
1527 3776 1555 3826 ὀ
1592 3779 1665 3826 Ita
1692 3776 1800 3824 cod.
1869 3791 1898 3823 c
1934 3762 2284 3841 Cod.profidt‚

136 3862 291 3913 quam
328 3842 583 3895 lectionem
608 3848 675 3896 ita
715 3848 967 3898 emendare
1010 3866 1155 3899 ausus
1192 3864 1328 3896 mun.
1395 3848 1433 3895 d
1469 3846 1593 3897 Cod.
1640 3858 1719 3896 et.
1790 3862 1816 3893 e
1852 3845 1971 3895 eod.
2011 3852 2057 3889 σε
2091 3832 2242 3893 ocium
2263 3858 2282 3901 ς

136 3916 217 3965 ced
248 3926 303 3961 ct
336 3913 531 3965 uidetur
578 3917 734 3967 deleta
754 3955 767 3968 .
834 3912 869 3983 f
895 3918 969 3967 Ita
1004 3916 1159 3988 legere
1200 3917 1321 3967 mnhi
1358 3916 1523 3966 uideor
1568 3920 1733 3982 potius
1781 3932 1930 3983 quam
1955 3912 2284 3962 mlueniente·

134 4002 171 4053 g
204 3983 334 4035 eod.
368 3998 660 4038 taenea-etur.
729 3988 764 4035 h
800 3978 875 4038 I‘tn
902 3988 1011 4042 cod.
1078 3990 1098 4035 ἱ
1128 3992 1204 4041 Ita
1239 3986 1289 4037 in
1320 3987 1431 4039 cod.
1464 3984 1700 4055 repetitur
1727 3986 1924 4057 potius.
1994 3983 2024 4033 k
2059 3984 2134 4033 Ita
2174 3979 2284 4035 cod.

226 4113 247 4147 r
299 4092 399 4151 Sic
438 4093 699 4170 loquitur
732 4097 792 4151 in
853 4096 1024 4155 sacris
1073 4094 1173 4155 bi·-
1251 4098 1481 4154 tertiam
1534 4099 1870 4158 alsiensem.

138 4172 275 4233 bliis
306 4188 475 4251 pater
512 4176 697 4235 filium
731 4179 1023 4237 osculans.
1058 4182 1173 4250 Ge·-
1334 4200 1364 4237 2
1414 4180 1657 4238 Molesta
1690 4202 1874 4263 prope
1892 4176 2158 4263 repetitio
2178 4186 2281 4261 3ut

136 4274 268 4325 nes,-
308 4280 507 4317 xxvu.
548 4280 643 4342 ²7·
677 4261 895 4320 Confer
958 4274 1014 4320 et
1064 4282 1155 4341 ep.
1242 4260 1345 4322 lib.
1385 4263 1428 4323 Ι.
1464 4264 1520 4323 6.
1556 4282 1617 4343 p.
1651 4262 1742 4324 15·
1959 4270 1964 4275 ’
