3384 5134
972 482 1287 534 LIBER
1359 487 1493 536 1¹11
2173 492 2303 540 101

152 578 335 657 bum
384 598 575 657 esset
596 578 639 660 ?
664 583 764 657 ait
797 583 1030 681 lingua
1072 584 1358 661 hernica
1392 600 1423 634 ⁸
1457 584 1874 685 pelliculam
1907 587 1996 660 de
2024 588 2264 661 hostia
2285 642 2315 682 .,

150 733 377 807 quam
411 709 488 779 in
538 706 824 805 apicem
858 728 1070 775 suum
1107 694 1157 753 b.
1192 703 1450 777 flamen
1484 730 1652 776 cum
1686 706 1761 779 in
1795 707 2049 779 urbem
2083 708 2316 779 intro-e

148 851 268 908 eat
294 832 627 934 inponit.
664 827 889 903 Multa
925 828 1105 902 adeo
1142 826 1281 903 alia
1317 829 1708 903 didicimus
1745 856 1924 930 quae
1967 826 2316 903 uellemus

150 956 340 1028 scire
374 986 393 1023 ε
442 974 695 1024 uerum
747 947 827 1021 id
872 947 1113 1021 solum
1158 948 1497 1049 estquod
1532 948 1846 1023 nolimus
1874 1006 1897 1045 .‚
1947 974 2116 1023 cum
2153 966 2234 1023 tu
2275 977 2320 1023 a

148 1070 367 1143 nobis
400 1070 571 1142 abes
592 1100 613 1137 e
664 1095 743 1141 ea
766 1066 977 1141 nobis
1000 1069 1319 1141 maxima
1350 1065 1780 1141 sollicitudo
1811 1082 1924 1141 est
1947 1124 1966 1140 .
2001 1068 2069 1140 N
2076 1053 2213 1141 unc
2237 1084 2322 1141 tu

148 1204 553 1290 postquam
580 1188 745 1262 inde
793 1189 1167 1289 profectus
1212 1216 1287 1263 es
1313 1246 1334 1284 ,
1374 1203 1619 1271 utrum
1654 1216 1744 1262 ne
1781 1190 1855 1261 in
1892 1182 2262 1263 Aureliam
2291 1200 2320 1237 ¹

148 1336 241 1383 an
266 1324 299 1359 ⁰
338 1306 415 1381 in
450 1311 925 1411 Campaniam
958 1309 1173 1383 abisti
1203 1366 1225 1405 ‚
1258 1311 1371 1382 fac
1406 1309 1681 1383 scribas
1705 1308 1888 1383 mihi
1910 1324 2019 1383 :et
2046 1338 2132 1385 an
2159 1311 2320 1381 uin-

148 1430 433 1503 demias
467 1429 917 1503 inchoaueris
939 1484 959 1521 .,
998 1420 1071 1502 et
1104 1456 1192 1501 an
1229 1428 1322 1501 ad
1354 1427 1607 1501 uillam
1638 1428 2181 1531 multitudinem
2215 1431 2314 1503 li-

144 1550 461 1624 brorum
497 1549 769 1643 tuleris3
798 1564 871 1621 et
890 1549 1073 1622 illud
1105 1576 1393 1650 quoque
1418 1576 1505 1622 an
1538 1577 1655 1622 me
1695 1550 2078 1647 desideres3
2117 1550 2319 1651 quod.

142 1700 280 1773 ego
317 1673 531 1747 stulte
558 1674 846 1773 requiro
878 1698 1105 1773 quom
1138 1665 1177 1723 ἃ
1213 1689 1292 1746 tu
1315 1699 1447 1773 per
1470 1688 1539 1745 te
1572 1673 1752 1748 facis
1779 1732 1796 1747 .
1847 1663 2060 1750 Nunc
2089 1690 2166 1749 tu
2189 1731 2212 1770 .,
2247 1672 2313 1747 si

146 1819 269 1866 me
305 1790 671 1866 desideras
719 1808 929 1893 atque
961 1794 1023 1866 si
1058 1818 1177 1865 me
1211 1818 1407 1865 amas
1436 1849 1458 1888 ‚
1514 1791 1787 1867 litteras
1821 1808 1978 1866 tuas
2001 1805 2032 1841 θ
2053 1792 2148 1865 ad
2193 1817 2314 1864 me

148 1914 561 2014 frequentes
594 1916 839 1987 mittes
866 1971 887 2009 ,
916 1914 1119 2015 quod
1150 1914 1333 1987 mihi
1367 1914 1725 1991 solacium
1750 1913 1980 2013 adque
2017 1912 2309 1985 fomen-

148 2048 313 2107 tum
343 2033 475 2107 sit.
502 2033 693 2107 Nam
722 2032 975 2107 decem
1001 2032 1329 2133 partibus
1359 2048 1512 2106 tuas
1538 2032 1814 2106 litteras
1846 2032 2072 2129 legere
2101 2043 2134 2081 2
2161 2059 2318 2105 ma-
2419 2029 2426 2045 ⁸

142 2154 281 2226 lim
297 2178 523 2254 quam
546 2179 797 2226 omnes
824 2154 1179 2226 marsicos
1207 2168 1329 2226 aut
1363 2178 1711 2249 gauranos
1738 2151 2074 2252 palmites
2095 2187 2114 2223 ε
2140 2178 2315 2225 nam

142 2274 413 2371 signini
449 2270 747 2373 quidem
774 2274 895 2349 isti
934 2273 1151 2345 nimis
1191 2273 1527 2347 rancidos
1578 2296 1909 2347 racemos
1938 2286 2013 2345 et
2060 2271 2313 2346 acidos

138 2393 399 2465 acinos
424 2390 735 2487 habentr,
774 2393 980 2493 quod
1013 2394 1273 2467 uinum·
1292 2392 1547 2466 malim
1587 2418 1808 2493 quam
1834 2408 2158 2467 mustum
2195 2392 2312 2465 hi-

138 2509 314 2583 bere
358 2564 377 2581 .
428 2509 797 2584 Praeterea
818 2512 1005 2615 'istas
1040 2511 1221 2585 ubas
1243 2505 1523 2587 fmulto
1560 2512 2030 2585 commodius
2054 2500 2308 2611 passas

136 2656 363 2731 quam
394 2630 699 2731 puberes
752 2634 1188 2736 manducare
1218 2664 1237 2703 ε
1286 2659 1464 2707 nam
1500 2634 1836 2734 profecto
1891 2634 2148 2707 malim
2181 2661 2304 2746 eas

133 2752 453 2852 pedibus
489 2754 765 2829 calcare
787 2811 810 2849 .,
848 2780 1069 2855 quam
1104 2752 1441 2827 dentibus
1476 2776 1802 2827 comesse
1831 2809 1849 2823 .
1884 2751 2024 2827 Sed
2057 2749 2304 2831 tamen

136 2874 507 2971 propitiae
535 2874 1007 2975 placataeque
1036 2883 1072 2939 8
1098 2875 1240 2946 sint
1258 2929 1280 2968 ‚
1306 2889 1378 2946 et
1411 2872 1593 2945 mihi
1617 2900 1755 2973 pro
1787 2876 1948 2949 istis
1970 2876 2313 2950 ioculari-

136 2992 279 3065 bus
316 2993 589 3065 bonam
624 2994 903 3067 veniam
938 2992 1146 3065 duint
1178 3046 1199 3063 .
1258 2990 1445 3065 Uale
1484 2990 1667 3063 mihi
1713 2994 1944 3067 homo
1997 2994 2302 3067 amicis-

135 3111 327 3183 sime
346 3101 385 3158 ¹²
404 3166 427 3205 .,
457 3112 904 3206 suauissime,
942 3111 1411 3185 disertissime
1429 3166 1451 3207 ,
1480 3114 1818 3209 magister
1839 3113 2302 3187 dulcissime.

204 3320 245 3350 a
284 3300 347 3349 In
382 3302 546 3352 codice
584 3304 951 3372 interpungitur
984 3319 1097 3369 post
1130 3303 1333 3352 hernica
1357 3340 1367 3351 .
1438 3300 1467 3350 b
1504 3303 1625 3355 cod.
1652 3303 1704 3352 in
1741 3316 1882 3353 textu
1913 3318 2092 3369 pacem
2125 3318 2305 3364 sule-mg.

132 3386 245 3422 tum
286 3374 341 3420 in
370 3372 589 3443 margine
620 3374 789 3424 scribit
835 3373 1111 3425 scholiastes
1136 3374 1261 3424 alibi
1296 3376 1351 3421 ἰη
1387 3374 1583 3441 apicem
1608 3410 1623 3433 ‚
1662 3392 1788 3443 quae
1829 3373 1970 3421 unice
1996 3372 2140 3423 lectio
2189 3390 2306 3422 uera

130 3460 233 3493 eet.
264 3444 459 3494 Morem
491 3445 689 3513 quidem
708 3446 1043 3495 circumeundi
1080 3463 1229 3516 pagos
1260 3446 1312 3493 in
1344 3446 1671 3509 lupercalibus
1692 3481 1706 3503 ‚
1743 3442 1954 3509 pellibus
1989 3445 2303 3494 uictimarum

130 3526 413 3575 succincto·
456 3524 603 3575 tradit
635 3526 896 3590 Dionysius
935 3525 997 3576 H.
1054 3526 1097 3575 1.
1147 3530 1226 3575 80.
1310 3540 1339 3571 c
1377 3511 1470 3575 To*
1506 3540 1577 3571 an
1628 3518 1974 3588 superadditur
2037 3534 2084 3571 2.
2119 3537 2307 3581 manu3

128 3600 314 3650 iurene
371 3614 433 3647 an
484 3602 661 3651 iniuria
681 3636 694 3659 ,
736 3598 900 3651 nescio
920 3640 933 3653 .
963 3606 1087 3653 Nam
1120 3604 1191 3651 Pii
1232 3603 1429 3673 quidem
1486 3598 1639 3649 uillae·
1684 3612 1948 3662 campanae
1999 3599 2112 3657 utiq
2163 3614 2306 3649 notae

120 3686 247 3720 nnat
276 3704 290 3717 .
362 3668 403 3717 cl
438 3670 513 3721 Ita
579 3686 619 3720 1.
661 3689 812 3720 manu
861 3686 879 3729 3
921 3690 971 3724 at
1011 3673 1211 3741 mquam!
1240 3710 1251 3721 .
1330 3692 1359 3723 e
1416 3676 1553 3721 Tuas
1592 3668 1787 3719 additur
1831 3684 1878 3721 α.
1912 3684 2099 3721 manu.
2169 3664 2204 3733 f
2229 3670 2305 3721 Ita

127 3740 247 3790 eod.
320 3756 359 3807 g
395 3740 516 3793 Cod.
554 3758 681 3809 qnae
704 3777 716 3789 .
791 3742 825 3789 h
863 3742 985 3797 God.
1016 3745 1349 3796 amicissimae
1373 3784 1387 3797 .
1424 3739 1561 3793 Alibi
1600 3755 1806 3811 quoque
1823 3754 2093 3790 occurrunt
2126 3738 2310 3790 huia·-

128 3811 273 3861 modi
316 3812 517 3862 uitiosae
552 3802 845 3887 diphthongi
866 3854 883 3868 .

218 3986 241 4021 1
294 3964 571 4041 Intellige
606 3970 691 4025 ³1·-
728 3966 956 4025 Aurelii
989 3970 1179 4027 Anto-
1258 3967 1399 4025 liam
1440 3967 1771 4044 adoptionis
1804 3967 1930 4025 iure
1995 3960 2264 4022 transisse
2285 4006 2304 4021 .

124 4047 255 4105 nini
308 4049 397 4106 Pii
438 4048 643 4107 uillam
671 4094 685 4107 .
733 4051 829 4108 Sic
874 4056 1099 4109 Marcus
1146 4074 1181 4108 a
1345 4072 1378 4109 α
1408 4050 1585 4107 Ludit
1610 4054 1824 4110 Eronto
1849 4051 1908 4108 in
1929 4048 2306 4127 duplicisen·

124 4131 393 4205 Capitol.
433 4152 558 4207 cap.
600 4154 655 4189 v.
696 4132 911 4190 dicitur
944 4136 1001 4189 in
1044 4140 1179 4193 Au-
1260 4160 1327 4197 su
1361 4136 1477 4197 τοῦ
1510 4145 1731 4217 legere.
2033 4153 2045 4163 ‘

122 4218 367 4311 reliam,
387 4234 595 4295 nempe
614 4215 677 4273 in
692 4217 971 4275 Antonini
1004 4217 1180 4279 sami-

1710 4293 1742 4315 l
