3384 5134
2079 503 2295 552 xxlll

113 587 498 646 Frontonem
549 589 712 647 hunc
743 628 762 659 ,
807 589 906 667 qni
943 586 1102 645 bello
1141 587 1416 664 parthico
1462 589 1672 648 claruit
1712 635 1729 661 ,
1775 591 2020 649 fortasse
2056 591 2285 650 inteili-

113 691 212 766 git
263 692 564 751 Lucienus
603 699 698 763 (ι)
729 731 748 758 ,
797 692 938 749 dum
972 691 1099 759 ait,
1149 711 1356 748 nomen
1409 691 1530 748 eius
1565 711 1596 746 a
1631 691 1891 768 quodam
1926 687 2086 746 illius
2136 691 2279 750 belli

111 811 350 866 graeco
385 790 680 868 scriptore
725 789 904 848 fuisse
955 809 1338 868 perversum,
1395 790 1493 866 qui
1539 789 1821 848 videlicet
1870 781 2129 876 Opo'vrav
2160 815 2275 872 pro

111 889 468 981 Φρὸντωνα
497 895 809 970 scripserat
831 935 844 946 .
893 891 1237 968 Epistulae,
1271 903 1414 970 quas
1447 891 1729 948 habemus
1770 893 2087 951 Frontonis
2109 935 2126 961 ,
2147 893 2277 968 ple-

109 1019 358 1074 raeque
409 997 615 1056 saltem
644 1041 664 1066 ,
713 993 880 1052 senili
932 1007 1121 1050 aetate
1173 992 1536 1068 conscriptae
1606 992 1897 1062 suerunt3
1966 994 2027 1050 in
2091 992 2275 1072 iisque

101 1097 432 1160 hominem
467 1095 836 1154 arthriticum
872 1136 890 1163 ,
936 1094 1094 1171 quod
1145 1091 1262 1150 iam
1313 1092 1721 1150 Artemidorus
1780 1092 2127 1171 Gelliusque
2180 1095 2273 1152 di-

105 1213 340 1260 xerant
377 1243 396 1268 ,
441 1218 613 1275 saepe
661 1194 1028 1272 agnoscimus
1061 1237 1074 1248 .
1125 1191 1264 1250 Fuit
1315 1189 1529 1268 alioqui
1571 1193 1811 1249 'Fronto
1862 1205 2061 1251 noster
2115 1191 2275 1270 lepi-

113 1302 206 1358 do
266 1297 514 1375 ingenio
545 1340 564 1366 ,
609 1307 674 1353 ut
723 1293 903 1352 multa
951 1291 1072 1349 eius
1125 1301 1330 1366 argute
1380 1288 1538 1346 dicta
1589 1288 2045 1358 demonstrant3
2098 1289 2277 1346 thea-

114 1395 381 1452 tralium
419 1389 908 1472 spectaculorum,
946 1384 1344 1446 conviviorum
1385 1399 1444 1442 et
1475 1385 1785 1464 perdicum
1828 1386 2119 1446 studiosus
2138 1396 2274 1462 (203

111 1493 296 1551 tenui
335 1490 432 1549 uel
455 1489 681 1567 liquida
720 1508 860 1548 voce
894 1483 1198 1563 praeditus
1229 1486 1322 1556 (3)
1349 1509 1368 1553 3
1401 1483 1654 1562 simplici
1679 1487 1892 1555 animo,
1912 1497 1969 1542 et
1992 1485 2090 1563 qui
2113 1484 2269 1542 nihil

109 1607 372 1646 suarum
405 1605 601 1644 rerum
639 1582 788 1642 clam
827 1581 1032 1640 ceteris
1081 1600 1202 1638 esse
1237 1580 1414 1639 vellet
1448 1585 1541 1652 (4)
1587 1621 1604 1636 .
1649 1581 1915 1639 Virtutes
1964 1601 2095 1639 suas
2139 1582 2269 1660 ipse

115 1689 359 1746 fronto
391 1685 700 1776 praedicat
729 1682 978 1762 epistula
1014 1682 1088 1740 de
1119 1695 1332 1760 nepote
1349 1682 1559 1740 amisso
1580 1725 1598 1750 ‚
1636 1681 1727 1740 cui
1758 1680 2065 1756 quominus
2092 1681 2272 1742 fidem

121 1801 484 1860 arrogemus
514 1826 531 1853 ,
575 1781 726 1840 nihil
779 1793 974 1838 vetat:
1037 1801 1211 1855 quum
1263 1777 1608 1855 praesertim
1665 1777 1901 1835 divinae
1942 1780 2274 1854 providen-

119 1878 248 1936 tiae
283 1881 635 1956 futuraeque
665 1879 828 1936 vitae
846 1875 1126 1953 praemiis
1161 1873 1300 1945 satis
1336 1896 1396 1932 se
1443 1873 1736 1933 confidere
1774 1875 1931 1933 dicat
1970 1877 2051 1934 ibi
2090 1881 2273 1936 Fron·

119 1991 220 2038 to.
279 1977 615 2037 Pleniorem
659 1977 816 2036 vitae
859 1991 1020 2036 actae
1054 1997 1194 2034 suae
1237 1974 1741 2053 praedicationem
1778 1974 1839 2030 in
1883 1977 2149 2034 oratione
2186 1977 2275 2034 bi·-

123 2076 316 2153 thyna
368 2076 588 2134 fecerat
632 2075 759 2148 (5).
817 2080 992 2134 Certe
1025 2076 1074 2132 is
1107 2075 1396 2132 amicitiae
1449 2073 1576 2130 iura
1623 2071 1981 2130 sanctissime
2018 2073 2267 2132 coluisse

123 2172 376 2230 videtur
424 2179 568 2246 (6).
625 2178 809 2236 Lauta
859 2173 1111 2249 denique
1165 2194 1228 2230 re
1271 2169 1543 2230 familiari
1601 2171 1955 2226 Frontonem
2012 2170 2267 2230 arbitror

123 2287 304 2326 usum
335 2313 356 2340 ‚
399 2269 624 2347 quippe
676 2270 772 2346 qui
818 2271 1246 2328 mecenatianos
1283 2271 1490 2326 hortos
1520 2267 1849 2345 possederit
1878 2272 2007 2344 (7);
2044 2277 2104 2324 et
2134 2289 2269 2325 mu-

121 2365 308 2423 nifice
344 2380 640 2427 tantorum
674 2369 1011 2446 principum
1056 2367 1450 2427 benivolentia
1488 2387 1722 2443 semper
1758 2365 2017 2424 munitus
2046 2366 2225 2423 fuet-it
2246 2408 2263 2422 .
2292 2411 2299 2417 .

125 2461 364 2521 Villam
399 2477 554 2522 certe
583 2465 974 2524 suburbanam
1011 2466 1138 2543 ipse
1173 2477 1454 2524 memorat
1479 2467 1605 2536 (8);
1644 2477 1767 2524 tum
1806 2465 1975 2522 etiam
2012 2465 2073 2522 in
2101 2465 2271 2520 Cam-

123 2561 316 2636 pania
353 2572 531 2637 atque
559 2561 620 2617 in
641 2561 878 2619 Aurelia
914 2563 1222 2620 rusticatus
1257 2575 1342 2620 est
1375 2574 1432 2620 et
1461 2560 1787 2618 vindemias
1804 2559 1923 2638 egit
1940 2568 2029 2636 (9)
2054 2605 2065 2616 .
2092 2562 2263 2616 Prae-

123 2670 290 2714 terea
311 2658 374 2714 in
391 2658 592 2717 Africa
613 2681 674 2719 se
711 2681 832 2718 rem
861 2661 1207 2719 familiarem
1245 2661 1516 2718 habuisse
1541 2659 1847 2718 manifesto
1890 2661 2060 2718 docet
2084 2667 2217 2732 (ιο)
2238 2699 2257 2726 ,

123 2769 310 2832 atque
343 2755 548 2818 hortos
567 2773 725 2818 extra
759 2765 1006 2822 Romam
1045 2771 1100 2837 (t
1123 2774 1178 2837 t)
1203 2805 1217 2818 .
1254 2766 1614 2839 Quamquam
1655 2761 1879 2817 Fronto
1912 2779 2054 2837 prae
2090 2762 2261 2817 innu-

119 2871 286 2908 mera
327 2871 704 2914 romanorum
737 2877 1048 2933 procerum
1081 2858 1324 2934 pecunia
1363 2859 1626 2914 fortunas
1665 2876 1825 2924 suas,
1879 2867 1968 2913 tot
2003 2857 2259 2933 cupido·-

119 2975 258 3012 rum
321 2975 490 3014 more
521 2956 894 3027 mortalium,
937 2956 1132 3015 verbis
1168 2967 1471 3038 qxtenuat,
1515 2973 1704 3032 neque
1746 2952 1858 3010 sibi
1896 2953 2101 3012 tribuit
2152 2955 2265 3013 do-

119 3053 505 3111 mesticorum
554 3056 992 3114 commodorum
1039 3075 1290 3112 summas
1335 3053 1636 3112 facultates
1665 3060 1847 3142 (ις).
1895 3052 2053 3122 Quid
2090 3054 2255 3130 quod

119 3149 515 3222 quincuncem
565 3148 910 3208 hereditatis
958 3151 1072 3209 viri
1126 3150 1442 3208 consularis
1477 3148 1648 3226 Nigri
1718 3149 1977 3226 Censorii
2034 3153 2257 3208 Fronto

121 3247 273 3302 adiit
305 3247 493 3319 (13st
537 3241 847 3325 Ceteroqui
892 3259 1092 3305 noster
1130 3260 1454 3322 patronus,
1489 3245 1682 3323 legem
1719 3245 1963 3303 cinoiam
2012 3246 2255 3305 fortasse

121 3343 448 3414 reveritus,
499 3363 574 3401 ne
608 3343 844 3422 gravius
879 3344 1178 3421 quoddam
1217 3365 1426 3403 munus
1469 3343 1776 3422 cogeretur
1810 3345 2077 3423 accipere
2099 3387 2117 3413 ,
2152 3365 2256 3401 so-

119 3439 446 3518 phisticam
491 3445 678 3503 oravit
713 3446 1132 3503 excusationem
1167 3448 1300 3517 (ιᾷ)
1326 3488 1338 3500 .
1376 3441 1580 3502 Vitam
1611 3444 1686 3501 ad
1725 3453 2036 3500 extremam
2072 3461 2254 3517 usque

121 3553 422 3597 senectam
461 3543 810 3602 sustentavit.
845 3585 864 3614 ‚
910 3563 1042 3602 cum
1105 3555 1196 3601 tot
1236 3542 1376 3600 licet
1409 3542 1810 3602 membrorum
1846 3539 2101 3598 omnium
2137 3541 2253 3598 do·-

168 3731 266 3796 (ι)
297 3737 558 3798 Quomodo
579 3739 728 3790 scrib.
750 3739 864 3792 hiet.
892 3757 1002 3807 cap.
1025 3753 1141 3792 xxi.
1208 3735 1298 3809 (a)
1333 3739 1415 3790 Ad
1435 3739 1522 3789 M.
1545 3727 1683 3792 Caeni
1710 3738 1837 3790 1111.
1878 3753 1960 3789 ta.
1978 3739 2045 3788 V.
2067 3739 2131 3804 37
2152 3757 2169 3800 ;
2202 3738 2269 3788 ad

101 3827 200 3858 am.
229 3811 270 3860 1.
297 3813 468 3864 15.11.
497 3815 550 3875 33
565 3815 656 3864 Dio
677 3817 991 3864 uvius-18.
1061 3808 1150 3880 (3)
1185 3810 1266 3862 Ad
1287 3815 1374 3866 .M.
1395 3813 1658 3863 Caes-1111.
1679 3826 1730 3859 a.
1800 3806 1890 3881 (4)
1924 3811 2003 3860 Ad
2027 3813 2265 3864 em.1.15.

99 3879 192 3940 (5)
230 3881 306 3930 Ad
343 3903 442 3934 am.
475 3885 516 3933 1.
559 3901 640 3950 ¹7·
711 3885 800 3948 (6)
835 3883 916 3934 Ad
945 3883 1089 3932 Pium
1130 3899 1209 3948 ep.
1245 3885 1356 3943 111,
1393 3900 1443 3934 et
1480 3881 1680 3944 v113ad
1704 3899 1800 3932 am.
1828 3882 1873 3932 1.
1906 3900 1988 3932 22.
2061 3880 2149 3949 (7)
2182 3880 2267 3931 Ad

107 3953 196 4000 Ji.
239 3955 374 4006 Caes.
411 3957 484 4007 11.
517 3971 564 4005 1.
635 3957 726 4025 (8)
775 3955 850 4006 Ad
893 3975 985 4006 am.
1039 3957 1082 4005 Ι.
1125 3974 1175 4020 9-
1267 3951 1357 4024 (9)
1402 3954 1486 4008 Ad
1531 3958 1618 4006 M.
1665 3956 1802 4004 Caes.
1846 3955 1973 4005 1111.
2027 3973 2077 4020 4.
2129 3957 2267 4004 Gon-

99 4022 176 4072 fer
217 4027 616 4078 emendationes.
685 4030 810 4095 (10)
844 4029 925 4078 Ad
958 4029 1046 4078 .M.
1079 4028 1215 4079 Caee.
1261 4044 1316 4079 v.
1365 4030 1447 4092 34.
1519 4027 1573 4092 (ι
1591 4029 1646 4098 1)
1699 4025 1779 4077 Ad
1824 4024 1939 4074 Ver.
1979 4031 2103 4095 imp.
2143 4039 2263 4077 xtn'.

99 4093 225 4164 (¹²)
283 4096 362 4146 Ad
415 4099 533 4150 Ver·
575 4100 700 4168 imp.
749 4114 874 4162 της
909 4099 972 4150 de
1017 4115 1130 4168 nep.
1164 4111 1262 4148 am·
1306 4101 1378 4150 11.
1471 4096 1595 4172 (13)
1647 4098 1731 4150 Ad
1780 4097 1924 4150 Pium
1979 4101 2083 4151 111.
2137 4099 2265 4151 1111.

99 4163 224 4238 (14)
257 4167 340 4218 Ad
378 4187 479 4220 am·
513 4169 567 4220 «Ι.
608 4187 656 4222 2.
2244 4209 2251 4220 .
