3384 5134
2064 497 2114 547 Σ
2125 499 2183 546 ΙΙ
2202 496 2227 544 1

143 573 346 636 dit-ibus
377 571 692 638 observare
722 579 1064 640 mememini
1085 623 1100 638 .
1137 583 1288 641 Tum
1309 581 1370 641 in
1399 582 1652 660 quodam
1677 561 2218 646 vetustis'simokat.

143 691 242 732 mu
268 675 552 752 rescripto
585 677 792 736 codice
812 699 1108 738 xcccxxn
1147 681 1378 740 concilii
1411 680 1598 740 chalc.
1629 681 1923 740 adlocutio
1946 683 2222 743 Marciani

143 771 348 846 augusti
383 785 474 832 ter
499 775 814 846 scribitur3
849 776 940 834 bis
959 777 1194 856 quidem
1229 778 1434 837 eadem
1451 799 1626 838 manu
1656 781 1777 858 p.3.
1798 781 1852 838 b.
1872 792 1928 836 et
1950 799 2009 856 p.
2053 802 2071 837 ι
2088 783 2143 840 6.
2170 787 2223 840 αξ

143 874 286 939 (non
299 871 422 930 sine
437 873 668 932 levibus
689 875 1070 935 varietatibus
1087 919 1106 949 ,
1141 875 1288 932 utin
1305 877 1612 935 frontonis
1643 874 1905 954 repetitis
1926 872 2223 952 epistulis)

139 969 295 1027 tenio
322 989 383 1047 p.
417 968 544 1030 150.
575 967 634 1030 b.
645 990 829 1028 manu
854 971 1084 1031 diversa
1101 1015 1116 1028 .
1141 975 1322 1033 Porro
1341 973 1500 1050 quod
1536 993 1710 1052 supra
1740 972 1893 1042 dixi,
1916 969 2223 1030 concilium

140 1062 576 1126 chalcedonense
609 1083 864 1147 propter
878 1070 1344 1148 magnitudinem
1366 1069 1428 1128 in
1459 1072 1658 1150 plures
1695 1083 1881 1128 tomos
1914 1069 2087 1130 fuisse
2124 1070 2223 1128 di-

143 1175 344 1236 gestum
360 1207 380 1236 ‚
413 1165 479 1224 id
496 1167 574 1226 de
589 1167 902 1226 Frontonis
929 1187 1158 1248 quoque
1185 1167 1564 1247 palimpsesto
1581 1168 2026 1226 existimandum
2058 1155 2233 1224 vide?

141 1267 226 1314 tur
253 1301 270 1315 .
311 1263 498 1334 Quum
535 1263 692 1321 enim
749 1263 810 1320 in
860 1264 1062 1323 codice
1088 1306 1106 1332 ,
1150 1263 1294 1324 licet
1358 1261 1737 1340 imperfecto,
1780 1263 2223 1340 quaternionum

143 1371 308 1430 prope
345 1357 734 1436 qnadraginta
775 1373 940 1418 notas
971 1361 1287 1439 repererim
1305 1407 1326 1433 ,
1370 1361 1494 1422 lieri
1532 1362 1632 1420 vix
1663 1362 1861 1442 potuit
1877 1402 1898 1432 ‚
1942 1375 2007 1420 ut
2030 1347 2223 1419 tomus

143 1447 324 1508 unicus
353 1463 580 1513 tantum
622 1459 1090 1518 membranarum
1124 1459 1396 1520 volumen
1429 1459 1877 1540 amplecteretur
1896 1501 1910 1516 .
1957 1461 2107 1516 Tum
2136 1480 2223 1518 ex.

145 1564 224 1621 gr.
257 1545 316 1605 in
353 1549 676 1633 interprete
718 1556 900 1616 Tullii
939 1559 1304 1619 ambrosiano
1334 1573 1530 1628 notam
1567 1557 1951 1620 animadverti
1986 1571 2227 1635 quatet-

140 1643 311 1705 nionis
349 1668 600 1711 aarum
641 1655 800 1713 unde
842 1669 1042 1732 aperte
1095 1658 1490 1735 cognoscimus
1536 1658 1738 1736 plures
1804 1657 1979 1716 fuisse
2029 1653 2223 1734 operis

147 1753 345 1816 temon
393 1767 750 1828 quamquam
791 1753 964 1811 series
995 1755 1440 1832 quaternionum
1482 1755 1753 1816 continua
1800 1753 1979 1813 fiebat
2014 1795 2028 1809 .
2075 1753 2227 1814 Hinc

145 1839 382 1904 videmus
409 1845 472 1905 in
505 1849 749 1927 synodis
780 1864 905 1908 acta
934 1851 1232 1910 interdum
1263 1864 1360 1909 aut
1380 1851 1711 1914 testimonia
1742 1869 1861 1910 non
1884 1871 1915 1908 e
1938 1849 2105 1918 tomis
2139 1871 2228 1910 re-

149 1937 296 1998 citari
327 1945 432 2004 sed
477 1967 546 2006 ex
574 1947 1058 2026 quaternionibus
1092 1988 1109 2007 .

259 2040 418 2102 .1111.
462 2045 952 2123 Quandoquidem
994 2046 1176 2106 codex
1208 2047 1524 2124 synodicus
1556 2047 1891 2118 vaticanus,
1936 2045 2013 2104 ad
2046 2044 2227 2106 folio·
2278 2078 2285 2095 ·

141 2149 260 2192 rum
291 2137 510 2215 copiam
545 2141 706 2218 quod
743 2142 972 2200 adtinet
1003 2187 1022 2214 ‚
1065 2143 1432 2202 ambrosiano
1464 2141 1653 2201 minor
1687 2155 1775 2199 est
1808 2185 1827 2212 ,
1870 2141 2127 2220 sequitur
2158 2156 2223 2204 ut

143 2230 497 2294 frontoniana
525 2257 750 2316 quoque
779 2239 1022 2299 materia
1056 2239 1372 2299 Mediolani
1402 2238 1690 2316 copiosior
1718 2237 2077 2317 deprehensa
2108 2237 2233 2296 sue-

145 2325 253 2384 rit.
277 2331 422 2403 Quia
463 2347 646 2393 tamen
693 2357 966 2396 romanae
995 2339 1248 2417 paginae
1287 2334 1552 2416 perbelle
1601 2333 1927 2412 legentibus
1978 2347 2179 2412 patent
2208 2381 2229 2407 ‚

147 2422 518 2494 tmhrotianae
565 2452 704 2492 vero
741 2434 975 2493 fortuna
1017 2434 1197 2512 paulo
1249 2433 1438 2492 minua
1482 2431 1703 2509 sospite
1748 2451 1883 2488 usae
1922 2443 2093 2500 sunt;
2128 2451 2233 2490 ro-

143 2539 322 2582 mum
349 2527 582 2605 quidem
615 2530 892 2609 reliquias
931 2551 1120 2613 prope
1157 2530 1464 2590 continuas
1487 2528 1556 2587 in·
1589 2527 1807 2604 libr-um
1842 2527 2123 2586 transfero
2142 2570 2161 2598 ,
2198 2547 2231 2585 e

147 2627 410 2688 eontra-io
457 2631 920 2693 mediolanenses
969 2633 1188 2694 crebris
1230 2631 1544 2691 admodum
1591 2643 1654 2689 et
1700 2629 1969 2708 spatiosis
2010 2625 2233 2686 lacunis

141 2713 464 2804 immwipere
495 2749 731 2790 necesse
775 2743 862 2788 est
893 2773 908 2790 .
962 2727 1202 2790 Codicis
1235 2727 1458 2786 romani
1492 2724 1776 2804 epistulae
1807 2723 2060 2783 ineditae
2094 2722 2233 2800 plus

147 2833 354 2882 “ntum
389 2841 525 2886 sunt
552 2870 574 2899 ,
619 2841 680 2886 et
726 2829 964 2906 quidem
1003 2828 1322 2906 pleraeque
1370 2827 1632 2904 integrae
1661 2837 1849 2902 atque
1893 2821 2173 2880 inlibatae
2206 2855 2230 2876 .

146 2914 272 2976 Pan
285 2921 454 3000 paulo
472 2923 663 2984 maior
684 2928 782 2985 M-
803 2923 1104 2985 Aurelium
1131 2937 1424 2983 auctorem
1441 2923 1638 2992 babet,
1659 2922 1880 2999 reliqua
1898 2943 2035 3000 pars
2050 2927 2233 2981 Fron-

147 3023 320 3076 tonem
336 3061 354 3076 .
379 3021 574 3081 Primo
593 3033 786 3081 autem
823 3034 958 3082 sunt
991 3021 1132 3080 libri
1154 3025 1208 3080 11
1240 3023 1318 3080 ad
1336 3025 1434 3081 ot·
1451 3023 1762 3083 Caesarem
1781 3062 1799 3088 ‚
1822 3039 1989 3096 quem
2010 3021 2231 3078 Medio-

145 3107 252 3172 lani
279 3117 432 3177 edidi
451 3163 470 3191 ,
489 3119 894 3178 additamenta
913 3121 976 3176 in
997 3118 1214 3180 codicis
1232 3117 1464 3196 paginis
1495 3130 1662 3175 octo:
1689 3111 1903 3171 deinde
1930 3114 2084 3173 liber
2116 3128 2231 3174 ter-

149 3211 248 3273 tius
277 3217 334 3276 in
358 3218 590 3300 paginis
619 3217 830 3297 viginti
863 3240 1001 3290 sen
1043 3218 1200 3278 liber
1231 3227 1469 3296 quartus
1501 3216 1562 3273 in
1580 3211 1813 3293 paginis
1844 3209 2051 3288 viginti
2085 3230 2235 3292 qua-

151 3322 296 3388 tuom
333 3319 570 3400 quintus
601 3318 664 3376 in
703 3317 930 3399 paginis
972 3315 1184 3395 viginti
1226 3327 1284 3374 et
1317 3335 1431 3374 una
1467 3356 1482 3371 .
1531 3311 1674 3370 Exin
1710 3309 1862 3368 liber
1896 3307 2117 3386 primus
2150 3307 2233 3364 ad.

147 3415 370 3474 eundem
402 3419 664 3476 Marcum
694 3416 812 3473 iam
841 3417 1171 3493 Augustum
1191 3459 1206 3483 ‚
1246 3425 1302 3472 et
1337 3408 1616 3472 Antonini
1666 3407 1898 3470 nomine
1934 3414 2188 3462 utentem
2210 3443 2232 3472 ,

151 3503 206 3564 in
229 3509 444 3588 paginis
471 3511 756 3572 tredecim
776 3551 792 3566 .
870 3513 1020 3568 Tum
1070 3509 1312 3568 alterius
1368 3503 1510 3564 libri
1572 3503 1650 3561 ad
1691 3499 1939 3560 eundem
1974 3499 2233 3554 Marcum

151 3605 512 3686 (Augustum
545 3630 624 3668 ne
673 3628 747 3668 an
795 3609 994 3689 potius
1041 3612 1348 3669 Caesarem
1381 3607 1458 3678 i)
1509 3600 1912 3680 supplementa
1963 3597 2021 3652 in
2058 3595 2235 3672 pagi-

151 3701 232 3758 ¹²1³
257 3717 490 3781 quatuor
509 3747 526 3762 .
575 3705 724 3764 Exin
764 3709 1154 3786 fragmentum
1190 3705 1488 3783 quoddam
1525 3701 1614 3758 ad·
1636 3701 1855 3760 Verum
1874 3705 1900 3768 (
1920 3713 2129 3772 nempe
2152 3693 2235 3750 ad
2300 3693 2305 3700 '

153 3797 386 3863 nereum
426 3805 788 3883 qui-adhuc·
818 3805 1228 3884 appellabatur
1280 3803 1534 3874 Verus).
1575 3798 1636 3854 in
1684 3793 1915 3872 paginis
1948 3803 2197 3870 quatuor
2211 3831 2231 3861 ‚

154 3911 372 3970 {mmm
417 3901 571 3960 duae
634 3901 985 3978 posteriores
1037 3891 1454 3958 connectuntur
1500 3914 1627 3955 cum
1665 3889 1807 3988 solio
1854 3887 2233 3966 supplemen-

155 4001 326 4050 torum
365 3998 443 4055 ad
495 4001 584 4057 ·1..·
619 3999 844 4060 Verum
885 3999 1026 4078 imp.
1054 4023 1073 4067 ς
1111 3995 1523 4074 quae‘qui‘dem
1559 3983 1957 4068 supplementa
1988 3983 2232 4062 paginas

158 4107 414 4172 occupant
463 4095 686 4156 codicis
748 4116 846 4155 sex
913 4119 1042 4156 cum
1105 4094 1466 4173 gratioribus
1506 4087 1731 4150 lacunis
1767 4129 1781 4144 .
1831 4083 2016 4162 Igitur
2062 4077 2229 4162 pagi·
2322 4111 2327 4116 ·

157 4201 246 4246 Μ
273 4191 486 4272 maiani
523 4191 746 4274 codicis
764 4235 784 4264 ‚
821 4211 968 4304 quae
1002 4194 1048 4250 1⁷
1053 4173 1520 4299 romonem-cum
1556 4189 1676 4287 -ug-
1700 4179 1939 4273 §prelio
1968 4172 2185 4238 habent
2206 4213 2233 4248 2
2316 4177 2323 4182 '

2346 2037 2609 2092 Frontoni·
2630 2055 2719 2090 ra·-

2349 2107 2531 2177 liqniae
2550 2126 2721 2164 retus·

3354 3713 3358 3732 ‚A
3352 3633 3359 3668 -Α
