3384 5134
993 499 1314 551 tinen
1398 498 1426 548 1
2148 476 2299 575 ¹49

299 596 388 670 In
429 590 756 672 oratione
789 607 907 669 tua
937 596 1309 695 cyzicena,
1343 584 1518 670 cum
1551 594 1729 669 deos
1762 596 2155 697 precareris
2180 612 2241 693 ὃ,
2264 638 2319 667 -.

109 728 234 816 et.,'
265 723 328 795 si
359 722 462 795 fas
489 734 624 813 est,
654 720 988 815 obsecro,
1007 714 1423 815 -addidisti3
1453 719 1654 821 quod
1676 745 1809 817 ego
1838 746 1957 795 me
1981 748 2126 794 non
2150 746 2307 793 me-

111 842 312 913 mini
328 840 576 940 legisse
596 852 639 911 ¹:
657 840 1026 915 obsecrari
1050 841 1247 913 enim
1272 857 1344 914 et
1357 868 1502 915 rese
1513 842 1699 915 erari
1716 840 2030 942 populus
2047 856 2170 913 aut
2194 842 2307 913 iu·-

118 959 334 1034 dices
363 962 694 1053 solebant
717 973 749 1013 2
773 995 791 1031 ε
826 960 952 1035 sed
987 986 1106 1035 me
1135 954 1172 1009 b
1195 960 1497 1036 forsitan
1531 964 1881 1035 memoria
1902 962 2159 1058 sugerit
2188 995 2207 1031 ε
2224 974 2307 1033 tu

116 1078 542 1178 diligentius
570 1080 1172 1155 animaduertito·
1227 1081 1341 1153 Me
1379 1106 1668 1181 quoqne
1710 1079 2057 1153 tussicula
2087 1091 2315 1152 uex'at.

119 1216 198 1273 et
257 1228 518 1277 manus
567 1202 906 1277 dexterae
959 1200 1179 1277 dolor
1205 1260 1228 1295 .,
1285 1203 1682 1277 mediocris
1744 1199 2039 1301 quidem
2096 1256 2121 1295 .,
2178 1198 2310 1274 sed

119 1322 258 1421 qui
313 1348 354 1393 a
395 1320 852 1396 rescribenda
887 1316 1216 1423 longiore
1267 1322 1576 1429 epistula
1613 1334 1645 1371 ¹²
1683 1320 2073 1431 inpedierit
2112 1352 2135 1417 3
2191 1320 2307 1393 di-

131 1441 338 1515 ctaui
393 1440 614 1539 igitur
639 1498 660 1514 .

341 1560 708 1651 Quoniam
778 1562 1052 1635 mentio
1087 1560 1529 1661 παραλήψεως
1581 1563 1837 1636 habita
1896 1574 2005 1635 est
2050 1616 2075 1655 .,
2152 1586 2305 1634 nou

121 1682 472 1755 omittam
497 1684 670 1785 quin
705 1699 776 1757 te
801 1684 1218 1787 impertiam
1242 1682 1446 1783 quod
1473 1683 1564 1757 de
1597 1686 1817 1782 figura
1854 1683 1990 1755 ista
2022 1680 2308 1755 studio-

127 1800 282 1874 sius
301 1801 990 1899 animaduerterim,
1044 1828 1274 1905 neque
1307 1828 1737 1902 graecorum
1774 1818 2151 1878 oratorum
2177 1824 2304 1871 ne-

129 1944 276 2018 que
304 1946 784 2001 romanorum
807 1980 828 2017 ‚
863 1950 1048 2027 quos
1089 1950 1218 2023 ego
1243 1923 1541 2021 legerim
1573 1977 1595 2016 ‚
1625 1922 2019 2021 elegantius
2042 1922 2185 1993 hac
2210 1920 2305 1991 fi-

127 2062 304 2135 gura
325 2070 542 2118 usum
565 2070 1035 2147 quemquam,
1064 2071 1286 2145 quam
1305 2044 1426 2117 ·M·
1451 2043 1803 2117 Porcium
1826 2042 1902 2115 in
1926 2070 2005 2117 ea
2036 2040 2307 2116 oratio·-

129 2183 224 2231 ne
274 2188 456 2262 quae
481 2162 571 2237 dc
602 2174 846 2240 sumtu
877 2190 1008 2239 suo
1043 2163 1464 2238 inscribitur
1509 2156 1552 2199 '¹‘
1577 2220 1604 2259 3
1657 2165 1733 2236 in
1768 2192 1910 2267 qua
1956 2165 2062 2237 sic
2095 2164 2195 2235 ait
2221 2150 2257 2209 3
2286 2188 2311 2229 ε

323 2422 360 2453 ⁴⁵
405 2422 504 2488 M.
557 2420 732 2491 Mire
787 2426 870 2492 de
923 2422 1406 2514 paralempseos
1465 2425 1689 2517 figura
1721 2477 1737 2493 .
1790 2428 1957 2495 cato
2006 2452 2165 2493 usus
2210 2440 2312 2493 est

138 2510 214 2577 in
252 2514 552 2581 oratione
590 2538 760 2605 quae
809 2518 892 2583 de
928 2532 1198 2609 sumptu
1221 2540 1344 2583 suo
1391 2518 1783 2585 inscribitur
1819 2546 1851 2603 ς
1892 2568 1909 2585 .

127 2758 298 2811 amuis
319 2795 334 2809 .
373 2756 616 2827 Equidem
633 2758 770 2809 illam
791 2761 1217 2828 grammaticorum
1249 2762 1466 2831 regulam
1485 2798 1500 2821 ,
1518 2780 1616 2831 qua
1639 2763 1873 2813 iubemur
1891 2797 1904 2820 ‚
1941 2762 2133 2812 nonnisi
2157 2778 2315 2830 quur-

129 2848 246 2883 tum
285 2830 416 2897 plur.
461 2847 628 2881 casum
656 2829 910 2880 nominum
935 2866 948 2887 ‚
989 2848 1040 2881 et
1077 2830 1280 2898 quidem
1313 2848 1486 2882 eorum
1523 2852 1652 2901 quae
1691 2835 1967 2902 genitiuum
2012 2836 2215 2884 mittunt
2258 2834 2315 2885 in

129 2904 244 2955 ium
265 2936 284 2959 ,
317 2902 491 2953 efferre
525 2916 613 2967 per
645 2900 690 2951 ⁸⁶5
714 2936 730 2959 ‚
769 2918 859 2971 ego
892 2899 1030 2951 haud
1067 2916 1178 2951 raro
1222 2902 1492 2971 neglectam
1525 2903 1670 2954 uideo
1712 2906 1763 2953 in
1801 2906 2143 2973 antiqui-nimio
2164 2903 2315 2959 codd.

209 2992 250 3022 a
284 2970 408 3021 eod.
433 2976 780 3042 praecarer-is.
852 2970 880 3021 b
919 2971 1043 3023 eod.
1084 2988 1162 3019 em
1201 3006 1217 3029 ,
1255 2972 1394 3023 lineis
1438 2973 1631 3025 dunbu·
1663 2993 1811 3041 super
1852 2992 1879 3025 e
1902 3010 1915 3033 ,
1954 2993 2050 3025 una
2091 2992 2315 3041 superm·

209 3045 302 3093 cm
321 3080 336 3101 ‚
376 3044 556 3109 quibu·
594 3044 742 3113 signis
777 3042 1041 3111 corrigitur
1071 3040 1350 3093 menthe-i·
1371 3082 1384 3105 ‚
1413 3057 1470 3093 ut
1505 3047 1556 3095 in
1582 3044 1692 3094 cod.
1732 3048 1835 3097 Cic.
1884 3044 1947 3094 de
1978 3064 2081 3111 rep.
2138 3062 2166 3090 c
2187 3044 2315 3094 Cod.

132 3062 342 3181 {Zingabe-
374 3112 584 3183 epistula
649 3116 824 3165 extrita
869 3114 934 3163 ob
970 3129 1262 3163 concursum
1297 3129 1324 3162 e
1349 3152 1362 3167 .
1429 3114 1468 3163 d
1501 3116 1562 3165 In
1617 3114 1715 3163 hoc
1746 3116 1975 3166 lemmate
2026 3115 2149 3165 nihil
2214 3112 2319 3167 fere

137 3183 510 3235 obseruandum
551 3200 626 3236 est
645 3221 659 3247 ,
693 3200 890 3255 praeter
929 3182 1306 3257 orthographiae
1358 3184 1687 3243 diuet-itatem
1707 3222 1722 3239 .

133 3368 452 3427 Frontonis
487 3370 626 3429 item
653 3370 1040 3443 familiarem5
1073 3392 1186 3449 qua
1268 3372 1332 3431 in
1395 3390 1638 3448 precum
1694 3388 1986 3428 sacrarum
2052 3368 2322 3427 formulis

135 3452 202 3507 in
261 3451 520 3511 oratione
575 3453 750 3512 uideo
799 3454 976 3513 uerba
1029 3455 1186 3526 duo,
1269 3457 1514 3515 obsecro
1556 3472 1672 3511 non
1708 3450 1943 3511 inuenio
1976 3495 1991 3510 ·
2046 3456 2327 3513 Ceterum

135 3554 292 3611 quae
315 3534 374 3591 in
391 3534 504 3593 hac
525 3536 774 3612 epistula
793 3548 954 3609 sunt,
976 3560 1189 3598 naeuo-
1270 3542 1500 3597 Marcus
1549 3558 1613 3593 ea
1645 3534 1945 3593 locutione
1979 3543 2035 3595 si
2066 3538 2176 3613 sas
2210 3538 2328 3593 ob·-

133 3622 236 3677 Ios
253 3628 312 3675 et
346 3619 592 3677 liberum
621 3638 730 3695 pro
748 3623 1066 3683 liberorum
1089 3666 1102 3679 .
1273 3641 1430 3681 secro
1483 3618 1744 3677 imitatus
1790 3619 1981 3677 suerat
2046 3618 2323 3679 Plautum

233 3720 256 3756 ι
305 3699 563 3757 Videtur
603 3702 884 3767 Frontoni
938 3691 1183 3762 uerbum
1265 3700 1474 3761 Bacch.
1515 3702 1648 3759 1111.
1699 3720 1756 3775 9.
1804 3724 1933 3763 102.

131 3778 380 3841 obsecro
415 3802 532 3841 non
563 3781 800 3843 solitum
831 3786 1100 3865 usurpari
1123 3786 1184 3843 in
1349 3806 1381 3845 α
1405 3784 1619 3845 Confer
1637 3782 1887 3842 Paulum
1906 3784 2065 3863 apud
2084 3784 2323 3847 Festum

135 3861 410 3941 precibus
445 3864 524 3923 ad
559 3867 735 3938 de083
781 3868 870 3927 cui
923 3868 1184 3947 opinioni
1267 3888 1394 3926 uoc.
1440 3888 1738 3927 resecrare
1772 3911 1787 3925 .
2332 3930 2337 3937 ,

135 3942 372 4005 obstare
403 3946 688 4007 uidentur
717 3972 864 4029 quae
899 3952 1043 4010 dicit
1068 3954 1185 4009 Fe-
1352 3952 1388 4009 3
1456 3948 1759 4009 Gratulari
1828 3968 1963 4007 sane
2029 3948 2169 4007 licet
2248 3944 2341 4007 de'

133 4041 260 4088 stus
287 4051 415 4089 uoc.
453 4032 526 4091 ob
561 4054 669 4093 uos
688 4055 856 4095 sacro
879 4079 890 4092 .
913 4038 1186 4095 Attamen
1265 4031 1382 4091 hoc
1415 4046 1646 4108 reperto
1681 4033 2020 4091 catonianae
2040 4032 2343 4115 orationis⁸

135 4112 299 4191 apud
362 4118 648 4175 Catonem
700 4118 828 4178 lm.
894 4140 1180 4177 cxxxnn.
1265 4116 1598 4193 fragmento
1633 4114 1845 4193 insigni
1882 4157 1899 4173 .
