3384 5134
1077 490 1230 566 230
1702 517 1817 564 nn
1905 506 2589 573 ε-ιορυειττιι

1071 610 1136 685 si
1175 610 1250 682 in
1302 607 1620 683 natando
1653 665 1677 706 .‚
1714 612 1773 684 si
1806 636 2027 711 aeque
2075 610 2334 685 liceret
2362 665 2387 705 .,
2426 634 2673 683 ranam
2724 608 2975 711 potius
3018 636 3263 712 quam

1073 724 1462 830 delphinos
1495 730 1838 804 aemulari
1881 732 2133 806 mallet
2166 767 2185 804 ε
2226 732 2693 807 coturnicum
2721 744 2754 782 ⁸
2782 732 3033 833 potius
3076 732 3265 834 pin·-

1069 855 1184 926 nis
1238 852 1626 926 breuiculis
1662 908 1686 947 ‚
1754 878 1976 953 quam
2033 854 2443 956 aquilarum
2498 855 2867 927 maiestate
2906 852 3269 927 uolitare.

1075 972 1230 1047 Ubi
1261 972 1444 1047 illud
1477 998 1783 1047 acumen
1808 988 2015 1047 tuum
2036 967 2078 1050 ?
2110 972 2234 1047 ubi
2266 976 2625 1075 suptilitas
2650 966 2695 1049 ’.Ρ
2718 972 3001 1073 Euigila
3024 987 3107 1045 et
3132 970 3271 1043 ad·-

1076 1094 1290 1167 tende
1327 1092 1505 1194 quid
1542 1094 1793 1195 cupiat
1824 1094 1979 1195 ipse
2015 1093 2473 1195 Chrysippus
2499 1150 2519 1165 .
2557 1093 2755 1167 Num
2792 1086 2829 1144 ¹²
2867 1104 3265 1167 contentus

1071 1230 1182 1287 est
1204 1214 1468 1288 docere
1503 1270 1527 1307 .,
1565 1240 1723 1289 rem
1761 1214 2131 1289 ostendere
2156 1272 2179 1313 ‚
2215 1216 2509 1289 delinire
2535 1272 2562 1310 ‚
2616 1208 3065 1317 explanare?
3106 1240 3267 1285 non

1077 1350 1192 1409 est
1219 1350 1595 1411 contentus
1616 1371 1635 1408 ε
1670 1362 1923 1411 uerum
1948 1351 2157 1434 auget
2176 1337 2251 1409 in
2276 1352 2625 1437 quantum
2653 1350 2941 1438 potest,
2971 1326 3013 1368 *
3034 1356 3267 1429 exag-

1073 1474 1268 1558 gerat
1316 1515 1339 1551 ‚
1413 1460 1828 1561 praemunit
1850 1516 1874 1554 ,
1938 1460 2150 1533 iterat
2178 1514 2201 1554 ‚
2258 1458 2499 1533 differt
2521 1516 2545 1555 ‚
2602 1460 2909 1535 recurrit
2936 1513 2960 1551 ,
3015 1457 3259 1528 inter-

1074 1595 1326 1679 rogat.‚
1383 1578 1772 1676 describit,
1813 1580 2121 1676 diuidit,
2163 1596 2506 1683 personas
2542 1582 2743 1681 fingit
2769 1638 2793 1675 ‚
2838 1581 3259 1655 orationem

1075 1724 1279 1777 snam
1306 1700 1428 1774 alii
1460 1700 1987 1776 accommodat
2012 1735 2032 1773 t
2058 1706 2277 1777 ταῦτα,
2316 1706 2383 1774 δ”
2412 1706 2590 1773 ἐστὶν
2613 1702 2839 1795 αὔξην
2863 1748 2885 1775 ‚
2911 1698 3257 1769 δίαηωᾶ-

1083 1808 1252 1905 ζειν,
1288 1812 1736 1907 ἕξιρφᾶζισθιη
1766 1861 1787 1889 ,
1808 1819 2013 1885 πάλιν
2044 1815 2295 1895 λίνον,
2342 1811 2761 1903 ι’παναφίμιν
2781 1852 2803 1884 ,
2826 1808 3197 1897 παρέπτην
3224 1848 3245 1873 ³

1075 1938 1570 2025 orpocovmmu'i'v
1589 1941 1622 1977 ⁴²
1648 1940 1668 1977 ¹
1689 1984 1709 2001 .
1752 1926 2071 2003 Uidesne
2092 1927 2183 2000 ab
2216 1950 2305 2000 eo
2344 1948 2569 2025 paene
2597 1920 2844 1995 omnia
2876 1932 3257 1993 oratorum

1080 2060 1282 2121 arma
1319 2049 1611 2122 tractari
1636 2042 1678 2125 ?
1702 2048 1931 2147 Igitur
1956 2048 2015 2119 si
2038 2048 2195 2147 ipse
2218 2044 2675 2143 Chrysippus
2700 2052 2735 2091 2
2757 2040 2871 2115 his
2894 2036 3251 2113 utendum

1075 2195 1232 2245 esse
1283 2170 1601 2243 ostendit
1625 2226 1649 2265 .,
1709 2167 1891 2270 quid
1922 2192 2054 2266 ego
2092 2166 2408 2268 amplius
2460 2160 2759 2266 postulo
2784 2218 2809 2253 ‚
2863 2160 3007 2233 nisi
3040 2174 3132 2232 ut
3164 2186 3251 2231 ne

1079 2290 1324 2364 uerbis
1355 2291 1906 2365 dialecticorum
1938 2346 1960 2382 .‚
2004 2288 2133 2363 sed
2152 2288 2403 2390 potius
2435 2282 2759 2357 Platonis
2782 2273 2825 2329 ἆ
2860 2336 2881 2353 .
2936 2336 2959 2353 .
3016 2336 3037 2354 .

1287 2402 1554 2485 Gladio
1610 2407 2163 2497 dimicandum3
2210 2404 2333 2478 sed
2380 2405 2676 2477 interest
2712 2400 3115 2501 robignoso·
3156 2428 3245 2471 an

1082 2526 1466 2627 splendido
1524 2584 1544 2601 .
1605 2584 1623 2600 .
1681 2586 1701 2601 .
1760 2554 1933 2602 cum
1994 2529 2147 2601 bon
2198 2582 2217 2599 .
2276 2582 2297 2597 .
2339 2528 2763 2626 Epictetum
2825 2577 2847 2594 .
2900 2578 2920 2593 .
2982 2521 3241 2597 seden-

1079 2662 1230 2722 tem
1258 2704 1276 2720 .
1333 2704 1353 2719 .
1393 2650 1456 2723 la
1489 2648 1825 2751 placebat
1860 2706 1878 2721 .
1940 2706 1959 2721 .
2010 2650 2069 2749 si
2104 2674 2316 2722 ausus
2364 2661 2551 2720 esset
2576 2702 2597 2736 ,
2652 2644 3113 2747 epitaphium
3146 2698 3165 2713 .
3220 2698 3239 2713 .

1075 2793 1292 2841 suum
1325 2768 1460 2843 sub
1497 2770 1757 2843 umbra
1795 2766 2069 2841 ..illam
2104 2766 2223 2839 lau
2260 2825 2277 2839 .
2308 2772 2343 2839 .’
2369 2764 2741 2868 pertulisse
2785 2822 2805 2837 .
2863 2820 2883 2837 .
2942 2818 2963 2835 .
3000 2818 3021 2833 .
3054 2758 3239 2837 nikil

1077 2910 1397 2988 unquam
1453 2944 1476 2959 .
1531 2944 1550 2960 .
1586 2890 1823 2963 nionis
1878 2946 1897 2961 .
1956 2945 1975 2960 .
2025 2902 2139 2963 tot
2172 2902 2245 2963 et
2280 2914 2357 2961 es
2396 2944 2415 2958 .
2463 2942 2481 2957 .
2518 2888 2595 2960 Si
2641 2914 2727 2959 us
2781 2943 2800 2959 .
2842 2942 2861 2958 .
2926 2912 3097 2985 egge
3140 2938 3161 2955 .
3216 2937 3235 2954 .

1075 3010 1544 3109 Anaxagorae
1579 3036 1727 3085 non
1759 3011 2044 3086 Alexini
2080 3011 2575 3112 sycophantae
2600 3010 2893 3084 auditor
2914 3000 2952 3058 3
2986 3062 3007 3079 .
3064 3062 3085 3078 .
3112 3032 3239 3079 co-

1223 3250 1257 3281 *
1303 3248 1405 3315 M.
1447 3246 1621 3316 Mire
1659 3248 1743 3317 de
1780 3250 2037 3343 ingenio
2073 3248 2431 3343 Chrysippi
2470 3301 2489 3318 .

1153 3500 1192 3533 a
1215 3484 1289 3534 lta
1309 3482 1528 3544 schedae,
1547 3502 1647 3539 non
1669 3488 1975 3543 eumeniam
1992 3528 2007 3541 .
2062 3490 2093 3543 b
2128 3492 2345 3545 schedae
2362 3508 2495 3544 name
2510 3528 2526 3544 .
2576 3507 2607 3540 c
2640 3490 2763 3546 eod.
2782 3466 3189 3561 πρθθθΐθὶἒῖΐ
3212 3524 3229 3539 ·

1083 3558 1126 3610 d
1158 3564 1298 3625 Quod
1324 3564 1438 3617 olim
1459 3568 1566 3627 heic
1596 3568 1761 3621 addidi
1804 3571 1977 3639 gladio
2014 3572 2250 3630 dfmires,
2280 3570 2330 3623 ‚d
2368 3572 2501 3623 deest
2544 3558 2593 3625 is:
2634 3570 2823 3623 ochedi·
2868 3569 3019 3617 mois.
3054 3568 3233 3617 Ponit-a

1087 3644 1207 3683 nero
1241 3632 1296 3723 in
1330 3638 1506 3709 pagina
1539 3640 1662 3693 nihil
1700 3640 1795 3713 legi
1832 3660 1989 3710 potest
2016 3659 2205 3710 praeter
2238 3658 2395 3711 panea
2450 3644 2600 3696 uerba
2640 3660 2797 3711 unque
2836 3640 2901 3689 ad
2928 3638 3193 3709 femmae
3214 3674 3229 3687 ·

1176 3838 1200 3875 ι
1247 3820 1531 3880 Petuntur
1553 3822 1700 3881 haec
1734 3846 1765 3881 e
1798 3826 2114 3905 Chrysippi
2200 3840 2399 3886 contra
2434 3828 2567 3886 Rus.
2616 3828 2663 3887 1.
2692 3830 2781 3888 16.

1090 3917 1218 3961 urie
1235 3902 1518 3965 rhetorica
1539 3950 1558 3978 ,
1595 3907 1755 3967 cuius
1774 3907 1957 3968 libros
1972 3930 2121 3989 qua-
2284 3914 2319 3971 3
2365 3914 2569 3971 Sermo
2598 3924 2685 3968 est
2722 3912 2797 3969 dc
2840 3908 3065 3971 Pericle
3086 3952 3101 3965 .
3132 3912 3224 3969 Si-

1080 4000 1217 4047 tuor
1268 4003 1547 4047 memorat
1597 3990 1895 4051 Laertius.
2204 3992 2367 4053 milia
2398 3994 2580 4055 habet
2626 3994 2835 4055 Cicero
2882 3998 2959 4053 de
3000 4014 3083 4051 or.
3119 3997 3215 4057 111.

1166 4094 1198 4130 α
1247 4074 1465 4131 Aeulus
1505 4072 1779 4132 nimirum
1836 4090 1891 4133 et
1936 4096 2121 4135 uanus
2186 4080 2300 4151 34.

1085 4156 1291 4217 rhetor
1308 4198 1324 4213 .
1350 4154 1470 4218 Cic.
1488 4156 1586 4217 fin.
1611 4178 1737 4219 uu.
1760 4160 1795 4219 3
1816 4202 1836 4233 ‚
1882 4158 2118 4220 Hieron.
