3384 5134
876 490 923 540 1.
948 492 975 543 1
1004 494 1039 542 ι
1068 491 1109 545 n
1133 498 1177 546 n
1248 494 1347 550 111
1377 509 1384 515 ·
2074 479 2176 570 79

48 602 183 661 mut
207 582 569 689 profecto
600 614 777 691 quae
808 601 889 662 tu
908 604 1119 690 putas
1150 589 1439 692 obliqua
1472 602 1547 662 et
1573 589 1918 664 insincera
1951 603 2024 663 et
2052 616 2182 663 an·-

48 711 145 783 xia
180 724 217 759 ³
249 768 277 807 ‚
335 727 425 787 et
458 736 659 785 uerae
695 713 1053 787 amicitiae
1086 714 1383 787 minime
1417 711 1978 786 adcommodata
2011 766 2029 783 .
2083 715 2184 787 At

48 860 153 931 ego
185 836 351 908 sine
388 836 553 909 istis
580 835 855 908 artibus
904 860 1199 913 omnem
1232 834 1633 907 orationem
1678 833 2066 907 absurdam
2113 847 2186 907 et

48 970 392 1050 agrestem
420 969 495 1028 et
524 954 969 1053 incognitam
1005 948 1081 1048 Ι),
1116 952 1419 1059 denique
1450 953 1750 1026 inertem
1782 965 1996 1053 atque
2025 951 2188 1024 inu-

48 1072 229 1147 tilem
266 1090 469 1174 puto
496 1131 515 1147 .
570 1076 817 1175 Neque
848 1076 1075 1173 magis
1128 1076 1537 1149 oratoribus
1567 1074 1882 1148 arbitror
1932 1098 2186 1147 neces-

48 1194 205 1265 saria
238 1193 619 1268 eiusmodi
653 1194 951 1267 artificia
973 1220 1193 1295 quam
1216 1191 1665 1294 philosophis
1703 1206 1734 1241 c
1757 1248 1776 1263 .
1831 1192 1918 1265 ln
1939 1218 2020 1264 ea
2049 1184 2090 1241 d
2117 1218 2191 1265 re

49 1334 181 1381 non
252 1325 646 1385 oratorum
694 1312 1113 1387 domesticis
1140 1366 1164 1406 ‚
1220 1312 1420 1413 quod
1471 1313 1742 1386 dicitur
1776 1369 1799 1407 ‚
1861 1314 2189 1389 testimo-

50 1428 169 1499 niis
202 1442 376 1503 utar
406 1484 433 1523 ‚
488 1446 595 1503 set
626 1442 655 1479 θ
679 1430 1301 1533 philosophorum
1332 1433 1912 1507 eminentissimis
1935 1488 1958 1527 ‚
2014 1456 2194 1533 poe*

56 1558 275 1619 tarum
354 1550 860 1623 uetustissimis
908 1544 1661 1648 excellentissimisque
1710 1606 1733 1644 .,
1809 1552 1998 1624 uitae
2055 1550 2190 1625 de-

56 1666 251 1765 nique
276 1669 689 1743 cotidianae
730 1699 859 1745 usu
888 1686 1101 1773 atque
1140 1668 1339 1743 cultu
1361 1726 1382 1765 ‚
1418 1656 1824 1771 artiumque
1856 1674 2189 1746 omnium

60 1792 555 1888 experimentis
594 1846 615 1863 .
668 1791 1033 1883 Quidnam
1088 1792 1305 1889 igitur
1357 1790 1493 1864 tibi
1526 1792 1811 1866 uidetur
1851 1796 2204 1893 princeps·

66 1906 167 1979 ille
190 1912 575 2011 sapientiae
602 1911 817 1985 simul
842 1927 1054 2013 atque
1070 1912 1513 2013 eloquentiae
1528 1914 1853 1989 Socrates
1877 1907 1918 1947 *
1935 1904 1978 1985 ’.Ρ
2025 1911 2196 1983 huic

69 2030 237 2101 enim
280 2034 535 2131 primo
590 2056 677 2105 ac
723 2033 1107 2135 potissimo
1160 2033 1655 2105 testimonium
1692 2046 1869 2132 aput
1898 2024 1927 2080 s
1953 2012 2023 2105 te
2057 2031 2190 2106 de·

70 2150 406 2246 nuntiauir,
464 2178 551 2225 eo
574 2178 659 2225 ne
694 2178 859 2226 usus
882 2178 1126 2249 genere
1171 2150 1459 2224 dicendi
1520 2152 1595 2223 in
1651 2176 1799 2249 quo
1861 2148 2040 2222 nihil
2085 2163 2196 2221 est

74 2266 373 2344 oblicum
414 2280 455 2335 8
480 2327 501 2366 ‚
530 2272 706 2345 nihil
728 2270 1089 2345 interdum
1135 2262 1721 2345 dissimulatum?
1754 2266 2036 2359 Quibus
2075 2265 2196 2338 ille

72 2386 290 2460 modis
306 2390 784 2487 Protagoram
814 2404 889 2463 et
932 2389 1198 2463 Polum
1226 2401 1299 2461 et
1320 2384 1941 2485 Thrasymachum
1965 2398 2041 2457 et
2075 2408 2194 2457 so-

74 2502 319 2598 phistas
354 2522 635 2583 ceteros
666 2533 947 2583 uersare
968 2524 975 2533 ·
998 2522 1209 2609 atque
1234 2506 1518 2580 inretire
1542 2498 1854 2579 solitus?
1905 2502 2196 2604 quando

78 2636 291 2699 autem
338 2642 587 2729 aperta
648 2644 797 2705 arte
850 2654 1263 2727 congressus
1312 2641 1420 2717 est
1453 2619 1497 2701 ’ἶ
1548 2626 1838 2726 quando
1895 2652 2044 2699 non
2103 2650 2196 2697 ex

78 2740 323 2823 insidiis
354 2749 653 2823 adortus
678 2742 722 2824 ’.Ρ
774 2775 917 2851 quo
949 2774 1038 2823 ex
1070 2747 1363 2822 homine
1408 2764 1572 2821 nata
1611 2749 1888 2823 inuersa
1949 2746 2184 2821 oratio

80 2861 333 2940 uidetur
358 2926 381 2965 .‚
418 2895 637 2971 quam
661 2869 893 2967 graeci
925 2858 1223 2969 nipe-uda}
1255 2864 1623 2965 appellant
1650 2861 1689 2899 ¹*
1716 2921 1735 2938 .
1767 2866 2196 2941 Alcibiaden

232 3096 261 3127 ⁴¹²
304 3100 409 3166 M.
461 3098 561 3162 De
596 3096 865 3163 Socrate
907 3144 925 3161 .

235 3188 265 3219 ⁴
308 3192 413 3257 M.
462 3188 773 3275 Princeps
806 3182 918 3253 ille
988 3185 1333 3275 sapientiae
1392 3184 1720 3276 simulque
1761 3180 2179 3263 eloquentiae
2271 3168 2288 3173 ”

84 3270 351 3347 Socrates
402 3302 664 3345 uersare
718 3294 783 3343 et
854 3279 1123 3345 inretire
1170 3276 1401 3343 solitus
1447 3293 1588 3345 erat
1624 3325 1639 3340 .
1719 3267 2000 3359 Quando
2059 3294 2191 3335 au-

140 3520 173 3550 ⁰
202 3504 269 3557 lta
304 3512 419 3561 eod.
451 3527 502 3562 at
525 3510 744 3576 nuperius
774 3508 991 3559 ane-rias
1011 3544 1024 3557 .
1096 3504 1127 3554 b
1164 3508 1255 3556 Dic
1282 3504 1584 3555 incardium
1606 3538 1621 3555 .
1688 3518 1720 3549 c
1753 3501 1830 3550 Ita
1857 3512 1886 3545 2
1906 3512 2121 3558 ‚mann3
2155 3510 2206 3546 et

96 3584 129 3617 ¹·
186 3576 335 3651 Imofis
356 3622 371 3635 .
446 3582 485 3631 d
519 3583 591 3631 In
616 3580 835 3649 loquitur
860 3582 1039 3629 Fronto
1063 3612 1077 3635 ,
1108 3576 1249 3626 sicuti
1273 3578 1359 3625 lib.
1409 3577 1451 3624 Ι.
1482 3591 1562 3642 ep.
1596 3587 1644 3624 2.
1668 3587 1836 3621 eoru-m
1859 3584 1954 3636 pro
1988 3568 2162 3617 horum
2181 3604 2198 3618 .

91 3654 113 3685 θ
166 3660 206 3693 ῑδ
251 3652 355 3705 eod.
416 3648 467 3725 f
488 3652 563 3702 Ita
594 3650 685 3701 cod
706 3685 719 3700 .
754 3668 795 3719 g
866 3650 941 3700 Ita
974 3646 1087 3697 cod.
1127 3662 1181 3697 ut
1216 3648 1385 3697 Cicero
1424 3644 1485 3696 de
1518 3661 1620 3711 rep.
1653 3656 1854 3693 acciun-

96 3744 283 3817 ‘lsmisit
298 3782 397 3821 seu
416 3764 709 3841 inscripsit
726 3761 1097 3835 Ciceroni(de
1178 3758 1335 3817 ronis
1354 3800 1373 3827 ,
1410 3758 1483 3815 de
1516 3777 1627 3835 qua
1657 3755 1918 3831 loquitur
1949 3752 2203 3822 Marcus,

98 3832 177 3891 fin.
198 3840 456 3911 1-3,tusc.
484 3848 619 3906 Vn.
644 3858 691 3920 );
710 3846 804 3907 vel
839 3845 1095 3905 eiusdem
1176 3843 1397 3901 nullam
1430 3862 1461 3897 e
1490 3836 1806 3919 praedictis
1838 3838 1914 3895 ad
1945 3835 2206 3893 Atticum

102 3924 215 3987 item
250 3934 461 3995 librum
496 3928 629 4017 περὶ
662 3930 1043 4001 meduanae
1067 3967 1089 3999 ‚
1171 3938 1349 4003 puto,
1393 3925 1497 3995 sed
1532 3923 1826 3999 egregiam
1859 3919 2108 3993 aliquam
2144 3928 2204 3973 et

106 4026 243 4079 quem
272 4032 545 4077 memorat
564 4022 777 4078 Seneca
798 4062 811 4074 .
835 4038 923 4095 ep.
950 4038 1087 4074 xcv.
1174 4007 1441 4065 disertam
1462 4008 1537 4063 ad
1566 4006 1754 4082 ipsum
1773 4006 2012 4061 Brutum
2031 4010 2206 4076 (quae

102 4091 223 4151 Sane
240 4103 453 4161 Marcus
472 4102 619 4159 inst-0
638 4122 893 4178 ep.xv11.
910 4102 1093 4156 Fron..
1172 4090 1391 4147 iamdiu
1439 4088 1682 4157 uixerit)
1724 4106 1850 4145 cum
1883 4082 2206 4143 honorifico

110 4176 229 4233 tonis
264 4186 561 4261 epistulam
611 4184 865 4259 appellat
917 4184 1091 4239 Ilbel-
1174 4172 1247 4231 de
1275 4166 1382 4231 illa
1415 4172 1675 4231 oratione
1714 4166 1966 4227 iudicio.

108 4252 232 4317 ium.
254 4266 421 4327 Porro
466 4280 523 4327 et
574 4266 882 4345 epistulam
912 4264 1089 4323 Cice-
