3384 5134
1109 430 1256 521 242
1728 458 1846 507 nu
1924 456 2633 507 onssrtouxnus

1103 554 1309 627 addis
1367 564 1438 625 et
1473 550 1739 627 similes
1771 550 1991 625 lituos
2039 543 2080 623 ἶ)
2118 550 2370 625 Addas
2428 549 2603 623 licet
2659 562 2733 623 et
2768 548 3097 623 carmina
3146 576 3311 623 no-

1105 688 1178 747 ta
1221 673 1552 747 tubarum
1583 728 1598 743 .
1643 671 1784 744 Sed
1810 686 1883 745 et
1900 671 2165 747 loricas
2192 688 2262 747 et
2294 698 2524 747 conos
2548 686 2623 745 et
2662 698 2858 747 ensoe
2881 686 2957 744 et
2986 668 3305 743 balteos

1103 810 1174 870 et
1197 820 1488 867 omnem
1523 820 1891 869 armorum
1931 794 2450 895 supellectilem
2477 820 2766 896 sequere
2784 850 2801 863 .
2828 791 3301 893 Apollonius

1101 928 1342 987 autem
1378 944 1401 1007 ς
1455 940 1606 989 non
1659 914 1855 991 euim
1906 915 2201 1005 queri
2241 914 2850 1016 prohoemiorum
2878 940 3012 1015 par
3042 914 3299 986 artifi-

1105 1035 1304 1109 cium
1331 1050 1464 1131 θεῖς
1495 1032 1925 1139 Apollonius
1958 1036 2257 1138 inquam
2281 1037 2405 1137 qui
2440 1040 2889 1137 Argonautas
2920 1033 3243 1133 scripsit
3268 1088 3293 1127 ,

1101 1157 1414 1260 quinque
1437 1184 1513 1231 re
1547 1212 1566 1232 .
1599 1214 1617 1229 .
1649 1214 1667 1229 .
1693 1173 1727 1208 θ
1766 1172 2113 1258 quattuor
2143 1158 2463 1233 uersibus
2494 1173 2735 1233 narrat
2766 1192 2784 1227 ε
2808 1156 2973 1233 nl«.
2996 1162 3243 1245 φοι-τᾶν
3268 1210 3291 1241 ,

1099 1281 1300 1361 uiros
1353 1280 1476 1381 qui
1529 1282 2014 1377 nauigassssnt·
2082 1282 2167 1355 oa*
2234 1286 2495 1357 πόντοιο
2557 1286 2739 1353 aare?
2782 1281 2999 1371 στόμα,
3050 1324 3066 1341 ·
3134 1272 3287 1345 iter

1099 1426 1247 1503 quo
1284 1400 1775 1497 nauigassent.
1818 1406 2119 1483 Βισιλιῖος
2168 1404 2510 1495 ἐφημοσύνῃ
2550 1404 2819 1474 Πελίαο,
2866 1394 3070 1467 cuius
3128 1394 3287 1465 im-

1095 1517 1302 1623 perio
1347 1518 1790 1617 nauigassent
1822 1570 1839 1587 .
1882 1520 2179 1613 ’1³0²ng
2228 1525 2473 1593 ἔλασαν
2514 1522 2709 1613 Ἅρμ’
2738 1567 2759 1597 ,
2812 1540 3069 1586 nauem
3122 1540 3279 1613 qua

1097 1638 1288 1721 ueoti
1317 1652 1548 1717 essent
1597 1694 1613 1716 .
1671 1639 1801 1713 Isti
1840 1650 2077 1715 autem
2138 1652 2289 1711 tam
2330 1652 2649 1709 oratores
2678 1648 2695 1681 ¹
2738 1660 2959 1737 quam
3000 1648 3275 1733 poetae

1095 1758 1470 1837 consimile
1507 1753 1542 1809 b
1569 1760 1843 1837 faciunt
1868 1775 2077 1859 atque
2102 1772 2131 1806 ⁰
2168 1760 2567 1833 citharoedi
2592 1757 2825 1833 solent
2857 1784 3077 1831 unam
3122 1755 3269 1827 ali-

1095 1901 1310 1975 quam
1339 1875 1670 1962 uocalem
1698 1877 2017 1955 litteram
2040 1876 2129 1949 de
2162 1876 2453 1957 Hemone
2483 1876 2598 1951 uel
2620 1876 2707 1950 de
2740 1876 3032 1949 Aedone
3068 1878 3273 1949 mul-

1097 1997 1188 2077 tis
1218 2012 1291 2071 et
1331 1997 1547 2076 uariis
1580 1998 1997 2071 accentibus
2030 1991 2425 2100 [cant]are.
2474 1998 2669 2087 Quid
2694 2024 2825 2097 ego
2862 1997 3269 2071 uerborum

1095 2116 1344 2191 sordes
1375 2134 1446 2199 et
1480 2117 1761 2195 illuuies
1794 2113 1835 2193 ?
1874 2120 2049 2219 quid
2088 2120 2306 2193 uerba
2356 2118 2725 2193 modulate
2780 2119 3149 2193 collocata
3190 2137 3263 2193 et

1091 2236 1493 2313 effeminate
1555 2234 1903 2317 fluentia?
1947 2298 1965 2313 .
2003 2300 2019 2313 .
2064 2236 2232 2345 [Ibi
2306 2236 2573 2343 igitur]
2640 2297 2657 2311 .
2716 2297 2735 2312 .
2790 2255 2863 2314 et
2916 2268 3259 2315 auersan-

1095 2373 1198 2433 tes
1231 2416 1274 2431 ..
1313 2387 1476 2435 nare
1505 2360 1652 2437 hoc
1687 2364 2067 2463 elegantiae
2100 2391 2311 2463 genus
2336 2420 2351 2433 .
2378 2420 2395 2435 .
2434 2365 2561 2441 Ute
2595 2361 2831 2462 clipeo
2860 2376 2923 2435 te
2950 2362 3255 2435 Achillis

1089 2480 1162 2551 in
1207 2481 1652 2557 orationibus
1687 2500 2027 2587 oportet,
2072 2510 2217 2557 non
2250 2483 2665 2585 parmulam
2706 2480 3047 2557 uentilat-c
3075 2539 3097 2576 ,
3140 2512 3254 2555 ne-

1091 2627 1228 2698 que
1283 2600 1576 2679 hastulis
1641 2604 2015 2677 histrionis
2078 2605 2317 2677 ludere
2350 2660 2365 2675 .
2402 2608 2647 2705 Aquae
2704 2602 2793 2679 de
2856 2604 3251 2703 sipunculis

1094 2720 1522 2795 concinnius
1548 2721 1838 2815 saliunt,
1866 2748 2083 2821 quam
2108 2722 2196 2795 de
2230 2722 2591 2796 imbribus
2707 2748 2859 2797 rem
2883 2719 3189 2799 laudant
3206 2776 3243 2791 ..

1093 2839 1370 2939 quaerit
1405 2894 1422 2911 .
1458 2896 1476 2911 .
1513 2842 1673 2942 quis
1714 2843 2025 2913 istorum
2066 2893 2083 2909 .
2126 2896 2142 2911 .
2177 2841 2490 2940 pandere
2528 2899 2546 2915 .
2583 2898 2600 2913 .
2635 2840 2831 2941 apud
2868 2896 2885 2913 .
2920 2897 2937 2911 .
2976 2897 2991 2910 .
3022 2834 3059 2888 ’ἲ
3092 2897 3109 2912 .
3146 2898 3165 2913 .
3198 2898 3218 2911 .

1303 2960 1419 3035 An
1487 2962 1622 3034 tibi
1675 2988 1883 3061 saepe
1940 3018 1959 3033 .
2016 3017 2035 3034 .
2092 2964 2402 3063 supersit
2457 3020 2474 3034 .
2534 3020 2552 3035 .
2611 2977 2849 3035 tamen
2904 2961 2967 3035 si
3022 2962 3243 3034 dixis-

1090 3106 1198 3153 ses
1249 3106 1801 3185 nonnumquam
1858 3138 1877 3153 .
1944 3138 1963 3153 .
2018 3084 2190 3156 satis
2250 3083 2722 3159 consuluisses
2778 3138 2796 3153 .
2856 3138 2873 3152 .
2916 3082 2979 3155 is
3016 3138 3035 3151 .
3078 3138 3094 3152 .
3130 3108 3241 3153 su·-

1083 3226 1210 3299 pra
1271 3256 1290 3273 .
1333 3258 1352 3273 .
1408 3200 1646 3277 adhuc
1700 3256 1727 3303 θ.
1784 3258 1803 3273 .
1858 3202 2167 3277 modum
2196 3258 2215 3275 .
2275 3204 2547 3279 Uerum
2602 3202 2825 3275 etiam
2885 3228 3096 3301 saepe
3136 3202 3238 3272 uir

1089 3324 1656 3423 sapientissimus
1693 3378 1714 3397 .
1758 3379 1778 3398 .
1820 3326 2049 3401 nescit
2082 3350 2277 3400 nouo
2317 3322 2523 3425 plane
2574 3321 2799 3399 modo
2828 3377 2847 3401 ,
2878 3320 3019 3395 Sed
3054 3324 3113 3395 si
3145 3325 3237 3393 ita

1155 3520 1192 3550 a
1228 3501 1416 3568 supple
1457 3521 1612 3553 unum
1630 3520 1825 3555 uersum
1862 3520 1977 3554 eum
2022 3501 2223 3554 dimidio
2249 3542 2261 3553 .
2332 3500 2363 3552 b
2398 3498 2610 3552 schedae
2632 3497 2901 3551 consimiles
2930 3536 2945 3550 .
3016 3514 3049 3546 c
3086 3498 3233 3549 Selu-

1089 3570 1182 3623 ἆιο
1219 3584 1276 3621 ιιι
1321 3590 1448 3640 quae
1469 3608 1484 3625 .
1551 3574 1590 3625 d
1623 3575 1684 3626 In
1728 3577 1805 3629 hi·
1840 3578 2027 3628 locuni·
2048 3578 2192 3643 pen’it
2220 3576 2371 3625 maior
2394 3572 2615 3622 lam-cun
2634 3590 2747 3641 pan
2768 3604 2783 3619 .

1175 3748 1194 3783 ι
1253 3730 1294 3787 Α
1333 3732 1546 3789 Seneca
1581 3728 1935 3807 philosopho
1970 3732 2109 3789 seri-
2193 3748 2363 3805 quem
2386 3727 2445 3783 in
2465 3724 2804 3784 testimoniis
2824 3719 3069 3783 recitnui
3088 3765 3106 3791 ,
3132 3722 3227 3781 ubi

1081 3820 1212 3882 pias
1260 3813 1428 3869 etiam
1467 3815 1755 3871 orationes
1788 3815 1961 3871 fuisse
1998 3826 2121 3871 tra·-
2200 3814 2417 3867 Fronto
2468 3824 2662 3867 noster
2698 3808 2912 3866 dicitur
2956 3808 3225 3861 Senecam

1082 3890 1172 3947 dit
1225 3897 1616 3965 Quintilianus
1647 3898 1778 3953 inst.
1820 3918 1875 3953 x.
1934 3918 1981 3953 1.
2020 3896 2115 3953 fin.
2198 3893 2581 3951 laudauissea
2636 3912 2783 3967 quae
2824 3890 3067 3947 sortasse
3106 3888 3227 3945 laus

1078 3974 1175 4049 qui
1209 3979 1564 4038 seuerissime
1589 3980 1662 4038 de
1695 3979 1901 4037 eodem
1918 3993 2117 4037 aucto·
2196 3975 2383 4033 huic
2368 3976 2513 4053 ipsi,
2538 3975 2609 4031 -in
2663 3996 2771 4051 qua
2808 3992 2963 4029 nune
3028 3990 3221 4029 uersa·

1078 4078 1142 4113 re
1176 4060 1449 4119 iudicat.
1489 4049 1749 4139 Deuique
1801 4064 1875 4118 ad
1932 4066 2114 4119 Sene-
2196 4080 2323 4117 mur
2376 4101 2395 4130 ‚
2459 4054 2889 4137 reprehensioni
2966 4050 3217 4113 immixta

1081 4160 1204 4199 cnm
1229 4146 1386 4218 quod
1408 4146 1627 4203 adtinet
1663 4146 2117 4223 pet-pendendus
2199 4142 2349 4203 suit.

1081 4237 1166 4283 est
1187 4226 1458 4287 Iohannis
1481 4228 1916 4298 saresberiensis
1954 4230 2117 4289 locus
