3384 5134
963 529 1262 582 arnna
1347 528 1430 579 ιι
2140 509 2263 607 49·

279 627 500 721 Quas
529 641 612 700 tu
641 624 914 701 litteras
953 642 1022 700 te
1057 627 1153 700 ad
1187 653 1306 702 me
1335 627 1701 703 existimas
1734 627 2101 703 scribsisse
2137 645 2171 678 ἃ
2208 635 2227 704 !

99 750 338 824 Ausim
370 750 628 824 dicere
649 803 674 842 ,
730 775 906 849 quae
937 775 1058 822 me
1093 749 1332 848 genuit
1365 761 1586 850 atque
1628 747 1809 822 aluit
1850 749 2031 821 nihil
2063 776 2237 822 um-

101 895 302 968 quam
356 883 520 940 tam
571 866 972 942 iucundum
1027 883 1318 968 tamque
1347 867 1711 944 mellitum
1763 894 1946 942 eam*
1984 867 2079 940 ad
2126 893 2241 940 me

100 989 474 1088 scripsisse
510 1040 531 1057 .
565 988 814 1087 Neque
836 987 984 1062 hoc
1015 990 1098 1061 fit
1129 987 1464 1062 facundia
1491 1003 1616 1062 aut
1640 989 2043 1089 eloquentia
2076 1002 2192 1060 tua
2220 1022 2241 1060 =

99 1107 356 1209 alioqui
407 1135 564 1184 non
615 1109 846 1182 modo
901 1118 1136 1184 mater
1209 1139 1366 1184 mea
1399 1167 1422 1204 ‚
1480 1109 1606 1183 sed
1633 1137 1887 1187 omnes
1925 1113 2049 1212 qui
2086 1112 2246 1211 spi-

103 1242 252 1302 rant
275 1287 298 1326 ,
327 1229 542 1332 quod
569 1230 834 1304 faciant
862 1223 898 1280 b
921 1231 1305 1307 confestim
1341 1231 1473 1304 tibi
1501 1235 1882 1306 cesserint:
1922 1233 2039 1306 sed
2070 1233 2251 1306 istae

105 1351 366 1424 litterae
393 1351 494 1424 ad
519 1377 638 1424 me
669 1367 830 1430 tuae
855 1379 1082 1454 neque
1110 1364 1139 1401 ‘³
1169 1353 1468 1426 disertae
1492 1379 1718 1454 neque
1748 1351 2004 1426 doctae
2034 1410 2055 1448 ‚
2094 1368 2251 1428 tan-

113 1483 172 1550 ta
191 1472 636 1580 benignitate
662 1489 1015 1548 scatentes
1043 1531 1065 1570 .,
1103 1488 1298 1548 tauta
1337 1473 1747 1548 adfectione
1770 1475 2205 1550 abundantes
2224 1533 2249 1570 ‚

109 1607 296 1668 tauto
329 1617 586 1666 amore
639 1592 954 1669 lucentes
988 1649 1008 1684 ‚
1056 1622 1202 1668 non
1239 1597 1408 1670 satis
1439 1591 1788 1696 proloqui
1838 1607 2145 1696 possum
2174 1594 2254 1667 ut
2296 1609 2301 1614 ’

115 1714 422 1788 animum
447 1741 700 1792 meum
721 1719 982 1816 gaudio
1015 1718 1090 1790 in
1112 1716 1346 1790 altum
1380 1714 1799 1790 sustulerint
1832 1772 1856 1811 ‚
1900 1714 2251 1789 desiderio

105 1833 646 1931 fraglantissimo
673 1831 714 1886 ‘³
765 1839 1226 1912 incitauerint
1254 1832 1350 1931 *3
1409 1851 1787 1936 postremo
1825 1890 1847 1929 .,
1911 1836 2111 1934 quod
2152 1837 2253 1908 ait

123 1951 372 2026 Neuius
399 2009 422 2048 ,
481 1955 810 2029 animum
844 1985 1092 2032 amone
1148 1955 1440 2057 capitali
1477 1949 1520 1988 *
1549 1954 2049 2054 conpleuerint
2078 2011 2095 2025 .

309 2073 442 2148 Illa
467 2074 606 2150 alia
629 2089 660 2126 θ
693 2077 1003 2180 epistula
1035 2093 1150 2151 tua
1179 2133 1202 2170 ‚
1259 2103 1397 2176 qua
1435 2073 1809 2148 indicabas
1829 2100 1957 2147 our
1983 2071 2255 2148 tardius

127 2193 508 2268 orationem
547 2253 572 2290 .,
637 2225 774 2298 qua
823 2195 1246 2271 laudaturus
1302 2223 1374 2272 es
1411 2192 1815 2268 Dominum
1856 2219 2142 2281 meum,
2181 2187 2269 2264 in'

125 2328 352 2387 senatu
384 2317 794 2418 prolaturus
825 2345 1011 2396 esses
1041 2375 1066 2413 .‚
1107 2333 1302 2393 tanta
1343 2314 1719 2418 uoluptate
1770 2314 2035 2388 adfecit
2070 2305 2131 2407 f,
2174 2321 2261 2386 ut'

131 2445 505 2534 temperare
541 2466 692 2514 non
724 2442 1134 2541 potuerim3
1180 2453 1252 2511 et
1287 2434 1552 2510 uideris
1591 2449 1670 2509 tu
1710 2461 1799 2507 an
1846 2447 2111 2506 temere
2140 2416 2271 2542 see-“-

137 2557 386 2651 eerim3
441 2563 624 2661 quin
676 2588 832 2634 eam
868 2563 1012 2664 ipsi
1064 2559 1253 2662 patri
1287 2583 1454 2634 meo
1509 2537 1891 2631 recitarem
1935 2613 1952 2628 .
1994 2557 2249 2646 Quan-

139 2685 206 2744 to
237 2691 491 2778 opere&
518 2695 764 2755 autem
787 2709 952 2757 eum
977 2681 1236 2755 iuuerit
1263 2670 1329 2773 ἢ,
1357 2677 1534 2751 nihil
1557 2704 1675 2751 me
1704 2679 1997 2779 oportet
2014 2699 2257 2792 perse-

141 2797 292 2894 qui,
335 2829 564 2902 quom
609 2799 626 2854 i
663 2817 735 2877 tu
768 2820 838 2880 et
876 2803 1066 2878 illius
1105 2827 1468 2875 summam
1521 2799 2087 2873 beniuolentiam
2115 2851 2135 2888 .‚
2178 2807 2255 2866 et

143 2929 398 2996 tuarum
426 2923 828 3000 litterarum
859 2925 1209 3025 egregiam
1239 2920 1660 3018 elegantiam
1708 2921 1905 2994 noris
1932 2977 1949 2991 .
1993 2915 2131 2991 Sed
2162 2941 2259 2986 ex,

145 3061 212 3106 ea
241 3065 312 3112 re
337 3039 592 3143 longus
625 3073 862 3121 sermo
910 3043 1122 3118 nobis
1153 3067 1368 3142 super
1419 3057 1489 3113 te
1521 3053 1819 3114 exortus
1872 3053 1985 3110 est
2016 3034 2253 3108 multo

149 3154 486 3262 multoque
503 3164 796 3262 longior
820 3220 842 3259 .,
874 3187 1092 3263 quam
1117 3161 1252 3236 tibi
1271 3171 1345 3232 et
1371 3155 1735 3260 quaestori
1756 3148 1795 3204 k
1831 3168 1959 3260 tuo
1981 3151 2071 3224 de
2098 3177 2217 3223 me
2242 3205 2267 3230 2

307 3393 338 3421 ⁸
379 3393 476 3460 M
525 3395 610 3460 In
668 3389 798 3458 alio
843 3387 1316 3458 incenderint-

209 3541 222 3574 ,
305 3483 338 3514 ⁴⁵
379 3483 474 3550 Μ.
525 3481 738 3550 Amor
795 3477 1090 3570 capitalis
1118 3526 1134 3546 .

213 3719 246 3750 e
273 3703 346 3752 In
375 3699 484 3752 eod.
519 3715 572 3752 at
591 3713 712 3748 mox
743 3695 995 3766 scripsisse
1016 3729 1031 3753 ,
1065 3687 1400 3744 cuiuscemodi
1429 3683 1752 3738 inconst-nti·
1782 3695 1965 3734 uetere·
2001 3688 2265 3754 scriptum

157 3773 386 3840 ple-eque
405 3791 570 3825 omne·
590 3771 813 3820 laborant
835 3799 850 3814 ·
919 3765 950 3818 b
983 3769 1116 3816 Num
1131 3781 1224 3832 pro
1240 3757 1474 3834 sacient·
1545 3775 1574 3806 c
1609 3757 1684 3806 Ita
1713 3753 1825 3803 cod·
1850 3770 1897 3804 ²·
1928 3773 2112 3816 manu3
2140 3774 2191 3810 et
2218 3777 2265 3812 ι.

157 3843 374 3908 denique.
439 3844 476 3894 d
509 3844 588 3894 Ita
611 3839 722 3889 eod·
749 3853 804 3889 nt
841 3854 994 3905 cupre·
1025 3835 1112 3885 lib.
1149 3837 1194 3884 1.
1235 3849 1284 3888 2,
1321 3843 1372 3881 et
1401 3826 1526 3878 infr.
1570 3828 1646 3878 11.
1680 3827 1760 3875 13.
1828 3843 1857 3874 e
1890 3824 2003 3878 Alia
2044 3826 2269 3884 additum

163 3927 205 3960 a.
231 3933 362 3964 manu
385 3950 398 3963 .
457 3911 502 3987 f
521 3912 712 3980 supple
745 3926 854 3968 me,
889 3906 1169 3976 praesertim
1209 3905 1327 3973 quia
1363 3902 1415 3951 in
1451 3899 1620 3949 codice
1658 3911 1731 3947 est
1766 3893 1915 3946 litura
1957 3910 2013 3950 ut
2052 3910 2133 3958 et,
2173 3919 2266 3952 εχ..

159 3999 316 4046 pnnen
349 4003 462 4038 nox
497 3991 570 4036 et.
641 3999 680 4050 g
715 3981 790 4030 ln
819 3977 1002 4030 (ταὼς.
1039 3987 1287 4036 meamet
1329 3987 1374 4021 ι.
1411 3981 1598 4068 quanto
1681 3985 1745 4019 e.
1812 3968 1849 4016 12
1882 3971 1957 4026 Ita
1994 3985 2037 4020 1.
2082 3987 2269 4032 manu3

163 4079 206 4124 gt
233 4079 276 4110 τι.
312 4067 554 4120 amerina,
585 4060 726 4134 quod
757 4061 1034 4110 emendator
1070 4053 1236 4122 poenit
1276 4065 1446 4106 κατα
1475 4063 1562 4129 πρ
1603 4037 1797 4116 >numiam
1834 4071 1897 4103 ex
1943 4055 2270 4122 subsequente

39 4155 48 4174 ⁸
163 4151 334 4188 &aarum
366 4141 642 4192 litterarum
663 4173 678 4188 .
749 4138 768 4185 i
804 4134 924 4186 eod.
960 4149 1002 4183 1.
1039 4150 1191 4184 manu
1218 4149 1344 4198 quo,
1385 4147 1432 4180 ο.
1453 4147 1606 4193 cum3
1632 4143 1735 4180 erut
1762 4147 1925 4181 eutem
1954 4129 2267 4188 scribendum

167 4211 442 4264 {motuni-ao
479 4227 616 4264 mon
644 4224 790 4279 quom
811 4241 824 4256 ·
893 4205 922 4256 k
955 4205 1080 4264 qu.
1117 4203 1333 4278 questuri
1355 4235 1370 4251 .

247 4359 404 4442 Vol.
439 4361 510 4444 I.
1587 4350 1638 4448 4
