3384 5134
1019 517 1072 564 x
3080 473 3130 510 ἢ

1036 603 1180 664 mihi
1243 607 1421 684 paulo
1471 621 1602 664 ante
1653 605 1946 665 saeculum
2014 604 2303 664 decimum
2374 601 2591 662 usitata
2658 603 2935 665 videtur:
3003 617 3143 662 nota
3169 613 3181 624 ’

1036 699 1272 764 veroin
1319 705 1536 784 pluteis
1589 705 1971 782 distinguitur
2006 724 2285 772 vuncct,
2339 703 2599 780 adeoque
2650 717 2871 780 septem
2916 715 3144 760 tantuin

1035 797 1299 876 spatiolis
1349 821 1383 858 a
1423 801 1685 860 bobiensi
1740 801 1815 858 de
1860 822 1921 858 re
1955 823 2012 878 p.
2050 800 2265 884 distat,
2302 799 2399 875 qui
2454 811 2541 856 est
2580 819 2937 860 vnnccmu.
2994 801 3155 874 Quin

1038 899 1186 956 adeo
1221 899 1404 960 codex
1435 901 1662 978 quo'que
1701 901 1907 957 tertius
1959 899 2249 958 bobiensis
2284 897 2366 959 ibi
2424 899 2719 978 proximus
2754 909 2838 956 est
2872 941 2889 968 ,
2942 919 3154 976 nempe

1035 1018 1393 1058 vuncctxvr
1428 1042 1446 1068 ,
1491 999 1554 1056 in
1618 999 1776 1056 cuius
1810 999 2105 1076 rescriptis
2148 999 2305 1056 soliis
2340 985 2664 1074 fragmenta
2710 998 2933 1056 inedita
2968 1017 3147 1074 repe-

1035 1094 1086 1154 ri
1127 1094 1361 1171 iuridici
1407 1097 1707 1156 cuiusdam
1754 1099 2010 1174 corporis
2060 1110 2191 1154 ante
2238 1097 2631 1156 Theodosium
2687 1093 2888 1172 scripti
2926 1137 2943 1164 ‚
2996 1114 3145 1172 quae

1035 1191 1152 1250 hoc
1185 1191 1314 1270 ipso
1357 1194 1416 1250 in
1450 1195 1713 1271 tempore
1750 1193 1962 1274 evulgo
2016 1217 2143 1254 cum
2178 1196 2435 1253 auctiore
2468 1191 2849 1270 Symmacho,
2902 1213 3149 1268 cumque

1035 1309 1188 1349 novo
1222 1287 1492 1358 rhetore,
1529 1299 1588 1352 et
1623 1311 1752 1350 cum
1798 1293 2024 1350 inedito
2072 1315 2143 1352 ae
2174 1291 2399 1370 optimo
2442 1287 2739 1350 Ciceronis
2788 1289 3108 1366 interprete
3130 1311 3147 1342 ε

1037 1407 1182 1465 quas
1204 1406 1296 1444 res
1333 1409 1459 1448 cum
1493 1405 1662 1464 spero
1698 1388 2059 1466 eloquentiae
2092 1411 2161 1449 ac
2182 1386 2455 1448 Themidi
2488 1387 2615 1446 fore
2646 1387 2851 1456 utiles,
2876 1396 3003 1444 tum
3024 1386 3167 1445 scio’

1036 1499 1232 1562 gratas
1264 1483 1393 1544 erim
1424 1508 1491 1545 ac
1515 1487 1640 1545 nim
1670 1487 1925 1565 Principi
1952 1509 1998 1546 s.
2022 1511 2075 1546 ι.
2098 1507 2151 1548 ι.
2176 1503 2496 1546 ennium
2526 1505 2864 1545 consuto
2886 1525 2907 1554 ,
2928 1483 3033 1560 qui·
3051 1503 3153 1542 va-

1035 1581 1290 1642 ticanam
1325 1585 1740 1654 bibliothecam
1778 1597 1836 1642 et
1872 1585 2067 1643 studia
2102 1605 2227 1642 mea
2261 1580 2589 1663 patrocinio
2612 1625 2631 1653 ,
2662 1601 2775 1659 ope
2792 1623 2813 1652 ,
2837 1593 3011 1658 atque
3042 1601 3155 1637 au·-

1042 1680 1310 1737 ctoritate
1335 1702 1438 1738 sua
1464 1691 1654 1739 tuetur
1679 1695 1734 1738 et
1761 1694 1965 1753 ornat,
1987 1681 2199 1759 quique
2224 1679 2331 1738 hos
2350 1681 2574 1739 fructus
2606 1677 3111 1758 palimpsestorutn
3132 1721 3153 1749 ,

1037 1789 1098 1836 et
1129 1797 1272 1854 quas
1296 1780 1522 1838 deinde·
1547 1782 1789 1839 daturus
1820 1801 1946 1838 sum
1976 1799 2245 1838 romanae
2278 1778 2558 1838 historiae
2595 1790 2653 1836 et
2684 1777 2767 1838 rei
2804 1773 3157 1836 christianae

1037 1871 1234 1951 copias
1269 1875 1537 1936 classicae
1556 1919 1575 1948 ,
1597 1879 1867 1935 festinata
1887 1877 2020 1936 luce
2040 1889 2175 1956 post
2200 1881 2553 1938 Frontonem
2590 1877 2795 1954 dignas
2828 1875 3148 1934 existimat.

1034 1973 1234 2031 Prima
1267 1973 1324 2030 in
1352 1973 1570 2052 pagina
1604 1974 1833 2034 concilii
1860 1973 2335 2035 chalcedonensis
2354 1995 2526 2032 manu
2551 1987 2747 2034 vetere
2774 1973 3047 2032 scribitur
3078 1975 3157 2030 112·

1035 2069 1140 2126 bet·
1167 2090 1216 2126 s.
1247 2075 1596 2130 Columbani
1624 2074 1701 2131 de
1726 2073 1915 2132 Bobio
1936 2115 1950 2129 .
1978 2072 2187 2132 Sta-tim
2226 2092 2361 2132 vero
2394 2069 2602 2146 incipit
2634 2090 2680 2128 s.
2702 2071 3013 2128 Caelestini
3052 2073 3156 2127 Pas

1030 2182 1147 2241 pae
1197 2164 1449 2242 epistula
1507 2167 1582 2223 ad
1621 2169 1998 2239 Nestorium,
2050 2188 2198 2246 quae
2233 2188 2361 2226 cum
2412 2167 2621 2244 synodi
2655 2167 2963 2245 ephesinae
3006 2154 3155 2224 actis

1036 2263 1306 2340 coniungi
1331 2265 1505 2324 solet.
1529 2267 1751 2344 Pagina
1780 2289 1845 2326 ια
1874 2270 2163 2347 incipiunt
2198 2280 2286 2326 tot
2319 2267 2457 2326 illae
2478 2267 2792 2344 epistulae,
2816 2263 2965 2345 quae
2984 2267 3153 2348 syna-2

1033 2363 1111 2421 do
1149 2362 1331 2422 chalc.
1371 2363 1524 2424 viam
1557 2367 1864 2445 muniuntx:
1904 2367 2092 2426 donec
2122 2386 2177 2444 p.
2226 2387 2304 2446 79
2342 2379 2427 2424 est
2460 2362 2759 2424 adlocutio
2795 2365 3006 2440 synodi
3072 2365 3151 2422 ad

1030 2459 1358 2538 principem
1389 2484 1402 2515 ε
1443 2471 1564 2516 tum
1590 2481 1647 2537 p.
1685 2467 1780 2536 94.
1807 2461 2065 2520 edictum
2089 2461 2328 2540 explicit
2360 2459 2647 2539 principis
2680 2461 2969 2537 synodum
3004 2477 3151 2516 con-

1029 2555 1318 2615 firmantis
1341 2598 1356 2613 .
1391 2557 1614 2632 Pagina
1648 2559 1882 2617 demum
1919 2557 1993 2635 95
2034 2562 2332 2619 exorditur
2363 2558 2555 2638 prima
2588 2556 2794 2634 synodi
2832 2556 3015 2625 actio,
3042 2563 3153 2614 cll-³

1029 2649 1120 2708 ius
1153 2651 1383 2727 amplus
1417 2663 1699 2709 tractatus
1732 2664 1913 2710 totum
1954 2656 2228 2734 deinceps
2265 2653 2523 2714 codicem
2558 2665 2805 2731 occupat
2858 2671 3038 2728 usque
3071 2651 3151 2709 ad

1031 2763 1092 2822 p.
1131 2747 1250 2810 286
1271 2779 1288 2816 0,
1309 2766 1456 2822 quae
1490 2745 1802 2804 voluminis
1836 2760 2087 2807 extrema
2126 2763 2211 2807 est
2234 2792 2247 2807 .
2284 2751 2431 2808 Sunt
2460 2763 2653 2807 autem
2684 2749 2861 2808 verba
2883 2747 3025 2807 libri
3060 2749 3153 2804 ul*

1027 2841 1172 2900 tima
1194 2863 1421 2920 :preces
1453 2862 1603 2920 qieae
1630 2865 1666 2900 a
1689 2849 1823 2902 viro
1857 2849 2138 2924 religioso
2162 2847 2435 2927 Eutyche
2458 2845 2843 2925 praesbytero
2874 2850 3154 2903 invidis-

1031 2943 1202 2997 simi-v
1227 2941 1596 3016 principibus
1613 2950 1919 3015 porrectae
1952 2953 2089 3016 sum
2109 2967 2127 3009 3
2149 2959 2297 3017 quae
2330 2941 2593 2999 videmus
2624 2941 2685 2997 in
2707 2940 2997 3020 parisiaca
3016 2947 3152 2999 con-³

1032 3034 1298 3092 ciliorum
1333 3035 1590 3093 editione
1624 3035 1909 3094 labbeana
1946 3049 1987 3094 t.
2027 3039 2163 3096 1111.
2202 3037 2405 3095 latere.
2429 3040 2565 3108 248.
2590 3045 2689 3112 (ι)
2721 3059 2776 3100 v.
2798 3039 2854 3096 6.
2890 3039 3153 3094 Transed

1031 3133 1190 3186 nunc
1231 3130 1308 3186 ad
1359 3130 1618 3188 codicem
1678 3131 2105 3189 ambrosianum
2158 3133 2281 3203 (Ε.
2346 3137 2454 3214 ¹⁴7
2504 3146 2658 3212 part.
2712 3142 2903 3210 sup.)
2973 3153 3149 3209 quem

1030 3235 1092 3282 et
1137 3245 1246 3304 ego
1279 3227 1494 3304 perdiu
1528 3248 1700 3284 manu
1766 3229 2055 3300 tractavi,
2100 3243 2157 3287 et
2195 3244 2327 3308 post
2372 3231 2563 3289 denuo
2618 3229 2691 3290 cl.
2728 3230 2945 3289 sodalis
2988 3250 3151 3288 meus

1031 3325 1238 3382 Petrus
1301 3327 1723 3384 Mazzuchellus
1749 3369 1767 3395 ,
1820 3327 2166 3386 ambrosiani
2221 3328 2455 3406 collegii
2508 3329 2753 3399 doctor,
2808 3328 2921 3385 mei
2974 3347 3149 3387 causa

1024 3419 1192 3480 haud
1263 3421 1437 3479 semel
1489 3423 1745 3498 inspexit
1783 3469 1801 3494 ‚
1866 3425 2132 3502 mihique
2196 3427 2439 3486 Romam
2506 3438 2653 3503 quae
2716 3427 2863 3485 scire
2931 3425 3149 3484 vellem

1029 3537 1308 3596 perquam
1355 3522 1592 3580 comiter
1636 3503 1909 3600 scripsit'.
1960 3523 2055 3582 Ab
2106 3523 2219 3581 hoc
2282 3523 2500 3583 scilieet
2554 3523 2755 3583 codice
2806 3525 2997 3582 omnis
3036 3525 3146 3582 illa

957 3607 962 3614 ¹
1033 3615 1264 3672 concilii
1313 3636 1450 3692 pars
1493 3620 1690 3688 abest,
1743 3642 1913 3697 quam
1960 3621 2143 3679 codex
2196 3641 2465 3678 romanus
2513 3620 2725 3679 habet:
2780 3621 2992 3699 incipit
3042 3625 3153 3679 au-‘

1027 3721 1148 3768 tem
1198 3711 1510 3790 acephalus
1565 3723 1659 3788 (a)
1698 3717 2138 3775 mediolanensis
2171 3717 2293 3776 εἰσι
2324 3720 2473 3797 frui
2514 3725 2733 3777 Iustum
2764 3729 2853 3776 est
2882 3759 2897 3774 .
2960 3721 3153 3777 Theo-

1029 3809 1217 3869 dorus
1255 3817 1560 3889 epe‘scopns
1595 3821 1997 3874 Damas-cenae
2028 3829 2137 3874 etc.
2178 3836 2326 3892 quae
2375 3813 2553 3874 verba
2604 3829 2739 3875 sunt
2790 3815 2851 3872 in
2900 3816 3153 3874 labbea-

1085 3971 1174 4042 (ι)
1206 3977 1288 4028 Sic
1322 3993 1451 4044 corr.
1490 3994 1582 4046 pro
1625 3982 1740 4030 256.
1815 3977 1903 4052 (a)
1936 3981 2064 4032 Hinc
2108 3981 2364 4053 mgnum,
2417 3983 2506 4050 qui
2535 3982 2725 4050 primus
2768 3978 2987 4033 nascenti
3032 3985 3169 4048 Am:-

1013 4045 1278 4112 bro-ianne,
1305 4033 1514 4116 praefuit
1538 4087 1554 4108 ‚
1600 4054 1787 4120 quique
1824 4069 1873 4103 et
1912 4049 2218 4103 bobiensium
2268 4069 2319 4104 et
2350 4055 2556 4106 aliorum
2599 4053 2829 4102 codicum
2864 4056 3057 4121 scripsit
3094 4057 3168 4105 ri·-

1013 4117 1140 4167 20103
1161 4151 1174 4174 ι
1229 4119 1484 4172 adnotavit
1525 4123 1576 4172 in
1626 4123 1831 4175 codice.
1868 4123 2113 4175 nonnulla
2154 4125 2301 4176 ἱηίεἰο
2335 4137 2384 4172 es
2414 4126 2470 4174 ἱη
2513 4121 2650 4174 calce
2691 4124 2992 4176 desiderari.
3038 4127 3165 4176 Ioem
3226 4153 3231 4156 ·

1011 4188 1054 4239 is
1073 4223 1088 4245 ‚
1122 4191 1209 4257 qui
1243 4193 1493 4242 vaticanae
1528 4193 1855 4247 bibliothecae
1878 4196 1997 4245 olim
2026 4195 2237 4266 syllabo·
2268 4197 2490 4264 scripsit,
2530 4197 2580 4246 in
2618 4195 2788 4250 codice
2811 4195 2909 4246 hoc
2940 4197 3171 4250 hobi-nd

1007 4275 1201 4328 partem
1241 4264 1580 4316 tantummodo
1615 4267 1809 4322 concilii
1846 4266 2004 4322 chalc.
2043 4265 2282 4321 contineri
2314 4285 2404 4318 no·
2440 4263 2634 4318 monuit
2655 4303 2672 4322 .
