3384 5134
948 488 993 537 1.
1025 490 1049 537 1
1081 491 1117 535 a
1147 493 1189 539 r
1218 490 1261 539 ιι
1319 492 1455 541 1111
1612 496 1623 513 ·
2169 476 2270 575 95

96 586 174 663 in
224 612 411 662 eum
440 582 777 661 laborem
805 598 837 635 ⁸
864 584 1325 687 studiumque
1358 601 1431 659 et
1458 589 1870 689 periculum
1903 594 2118 671 uerba
2157 600 2276 673 in-

92 710 545 787 dustriosius
558 708 945 810 quaerendi
994 734 1143 783 sese
1193 714 1625 787 commisere
1644 773 1663 787 .
1701 720 2093 793 Oratorum
2107 740 2280 823 post

92 834 443 909 homines
488 848 695 907 natos
722 860 907 907 unus
940 834 1274 907 omnium
1315 836 1443 907 ·M·
1475 837 1783 912 Porcius
1813 842 2105 943 eiusque
2140 844 2283 917 fre-

96 982 337 1057 quens
394 968 713 1029 sectator
760 955 875 1027 ·C·
916 951 1395 1029 Sallustius*=
1450 972 1836 1059 poetarum
1884 956 1925 996 *
1965 964 2281 1037 maxime

94 1077 421 1151 Plautus
444 1132 469 1171 ‚
502 1074 737 1149 multo
760 1075 1223 1177 maximeque
1256 1079 1529 1153 Ennius
1555 1136 1578 1175 .,
1634 1107 1942 1183 eumque
1959 1084 2278 1163 studiose

88 1196 509 1271 aemulatus
542 1200 661 1272 ·L·
692 1194 981 1269 Coelius
1010 1251 1032 1289 ‚
1062 1220 1197 1269 nec
1238 1222 1379 1270 non
1416 1199 1721 1275 Naeuius
1747 1196 1828 1296 b,
1855 1205 2280 1303 Lucretius,

92 1320 385 1393 Accius
408 1319 658 1407 etiam,
692 1316 1079 1411 Caecilius,
1107 1317 1451 1393 Laberius
1486 1347 1770 1421 quoque
1798 1380 1814 1394 .
1843 1325 2032 1399 Nam
2071 1354 2280 1427 prae·-

96 1460 219 1517 ter
239 1444 422 1537 Ιιοε,
449 1441 719 1543 partim
756 1439 1206 1540 seriptorum
1218 1442 1750 1518 animaduertas
1781 1448 2278 1546 particulatim

90 1563 447 1662 elegantis
482 1618 505 1654 .,
563 1560 885 1634 Nouium
918 1574 991 1633 et
1024 1561 1526 1661 Pomponium
1549 1578 1621 1636 et
1646 1566 1724 1637 id
1751 1590 1965 1663 genus
1992 1570 2068 1641 in
2096 1596 2266 1643 uer·-

91 1691 217 1765 bis
246 1684 623 1762 rusticanis
650 1697 723 1757 et
759 1682 1201 1757 iocularibus
1248 1710 1332 1758 ac
1369 1686 1797 1761 ridiculariis
1833 1744 1856 1783 ,
1912 1693 2161 1763 Attam
2197 1688 2276 1763 in

92 1804 617 1896 muliebribus,
656 1802 1027 1877 Sisennam
1059 1804 1135 1875 in
1167 1802 1460 1877 lasciuis
1487 1862 1507 1901 ‚
1538 1807 1906 1881 Lucilium
1933 1808 2006 1879 in
2035 1808 2276 1882 cuius-

98 1953 249 2027 que
282 1924 461 1997 artis
498 1946 585 1995 ac
607 1922 875 2020 negotii
906 1923 1228 2024 propriis
1255 1980 1275 1997 .

312 2046 459 2118 Hic
499 2058 577 2117 tu
610 2043 911 2120 sortasse
942 2041 1353 2123 iandudun
1382 2046 1693 2145 requiras
1727 2048 1980 2145 quoin
2001 2062 2264 2121 nume-

86 2196 183 2251 ro
235 2166 489 2241 locem
524 2165 656 2237 ·M·
686 2161 1050 2259 Tullium,
1092 2166 1218 2264 qui
1254 2180 1475 2265 caput
1495 2180 1706 2265 atque
1740 2166 1901 2240 fons
1929 2194 2270 2244 romanae

90 2286 485 2369 facundiae
506 2285 702 2365 cluet
720 2280 761 2321 *
786 2342 807 2359 .
844 2290 1043 2364 Eum
1066 2312 1198 2385 ego
1232 2288 1549 2362 arbitror
1580 2314 2086 2390 usquequaque
2111 2318 2273 2365 uer·

88 2412 213 2487 bis
250 2407 767 2511 pulcherrimis
792 2407 1167 2486 elocutum
1220 2424 1294 2483 et
1323 2424 1485 2483 ante
1525 2410 1766 2483 omnis
1799 2409 1982 2485 alios
2020 2427 2272 2486 orato-

86 2562 211 2609 res
245 2532 341 2605 ad
367 2558 491 2624 ea,
530 2556 708 2631 quae
736 2544 1089 2604 ostentare
1112 2530 1369 2627 uellet,
1402 2530 1722 2605 ornanda
1748 2586 1770 2625 ‚
1804 2533 2272 2637 magnificum
2311 2593 2318 2601 .

88 2656 327 2728 fuisse
353 2708 373 2725 .
428 2652 709 2726 Uerum
739 2652 819 2727 ‘is
858 2652 1041 2727 mihi
1066 2650 1352 2726 uidetur
1374 2680 1415 2726 a
1448 2652 1866 2753 quaerendis
1895 2654 2277 2755 scrupulo-

88 2776 249 2849 sius
281 2770 525 2852 uetbis
574 2768 837 2873 procul
874 2772 1133 2845 afuisse
1163 2772 1277 2848 uel
1314 2772 1804 2869 magnitudine
1839 2748 2113 2873 animi,
2155 2774 2272 2849 uel

88 2898 263 2993 suga
295 2892 609 2987 laboris,
666 2892 777 2967 uel
809 2894 1069 2969 fiducia
1096 2888 1140 2929 *
1174 2920 1325 2969 non
1354 2896 1722 2995 quaerenti
1755 2907 1788 2945 ⁰
1823 2896 2044 2969 etiam
2078 2896 2214 2969 sibi
2237 2952 2261 2992 .,

88 3042 287 3119 quae
306 3015 433 3089 uix
451 3014 611 3089 aliis
636 3018 1135 3116 quaerentibus
1158 3017 1642 3111 subuenirent,
1662 3033 1946 3117 praesto
1972 3016 2262 3091 adfutu-

280 3278 317 3307 *
367 3274 467 3341 M.
516 3276 799 3342 Porcius
834 3276 1001 3344 Cato
1042 3299 1215 3340 unus
1253 3276 1551 3342 omnium
1597 3276 1816 3341 uerbis
1864 3280 2259 3365 quaerendis

84 3394 159 3437 se
200 3367 537 3433 commisit
561 3413 581 3446 ‚
608 3369 881 3457 eiusque
908 3366 1213 3456 frequens
1238 3384 1519 3432 sectator
1546 3368 1754 3432 Gaius
1795 3368 1836 3425 d
1858 3364 2214 3438 Sallustius
2236 3420 2255 3441 .

278 3466 313 3496 ⁴⁵
364 3460 467 3524 M.
518 3460 653 3543 Qui
688 3474 918 3548 poetae
964 3458 1183 3523 uerbis
1220 3460 1621 3525 studuerunt
1650 3507 1669 3523 .

274 3553 311 3583 ⁴*
358 3550 460 3615 M.
514 3550 689 3617 Laus
760 3550 1145 3621 Ciceronis,

270 3642 308 3678 ⁹
359 3642 457 3707 Μ.
510 3640 787 3709 Tullius
824 3659 1025 3731 caput
1062 3642 1276 3731 adque
1310 3638 1453 3706 fons
1487 3664 1798 3707 romanae
1834 3638 2256 3731 eloquentiae

82 3732 280 3800 cluet
318 3760 337 3796 ε
382 3732 621 3822 procul
682 3750 903 3800 tamen
962 3758 999 3799 a
1057 3729 1451 3823 quaerendis
1500 3730 1956 3822 scrupulosius
2028 3737 2254 3803 uerbis

83 3828 219 3895 suit
256 3821 372 3891 uel
396 3825 601 3894 animi
634 3826 1089 3918 magnitudine
1113 3871 1133 3905 ,
1158 3822 1271 3890 uel
1306 3822 1460 3915 fuga
1500 3820 1744 3891 laboris
1767 3870 1788 3906 ,
1829 3823 1942 3893 uel
1977 3826 2252 3895 fiducia.·

152 4111 193 4141 a
231 4090 356 4143 cod.
382 4088 613 4142 laborum
634 4125 649 4141 .
720 4090 751 4143 b
785 4094 945 4145 Uei-ba
969 4110 1059 4143 nec
1077 4112 1183 4145 non
1210 4096 1439 4145 Naeuius
1478 4094 1730 4147 adduntur
1751 4112 1797 4151 a.
1815 4114 1968 4147 manu
1985 4134 1998 4147 .
2067 4114 2098 4147 c
2134 4097 2258 4147 eod.

82 4164 383 4235 quaerendi,
401 4160 567 4213 addita
584 4164 974 4230 interpunctione
994 4205 1006 4216 .
1076 4164 1111 4215 d
1144 4166 1221 4216 lu·
1250 4167 1303 4217 in
1336 4163 1551 4235 margine
1570 4184 1663 4233 per
1684 4175 1728 4222 G
1739 4186 1759 4235 5
1779 4182 1830 4222 at
1843 4173 1894 4223 in
1925 4184 2156 4224 contextu
2169 4186 2260 4239 per

90 4238 149 4295 G.
190 4238 273 4290 Sic
314 4233 471 4287 uariat
495 4234 549 4295 id
568 4253 864 4305 praenomen
904 4234 1048 4289 etiam
1076 4234 1131 4289 in
1167 4235 1278 4293 cod.
1311 4238 1413 4289 Cic.
1449 4236 1509 4289 de
1536 4254 1644 4308 rep.
