3384 5134
1011 477 1320 530 zinza
1399 481 1424 528 1

183 573 358 650 cuias
394 572 822 648 balnearum
846 630 869 669 .,
896 574 972 646 in
1003 577 1266 676 quibus
1297 576 1476 674 ignis
1527 600 1699 650 cum
1740 591 2037 679 sumptu
2096 592 2339 681 atque

179 691 363 766 sumo
393 691 822 767 accenditur
851 747 874 786 .‚
915 693 1262 794 breuique
1303 695 1767 792 restinguitur
1793 753 1809 767 .
1846 699 1949 771 At
1988 711 2018 745 ³
2054 695 2161 769 illi
2200 699 2337 772 in·
2401 774 2405 778 ,

175 815 360 908 genui
393 838 704 914 uapores
748 811 916 912 puri
947 813 1422 913 perpetuique
1463 830 1667 908 sunt,
1730 815 1917 912 grati·
1941 817 2209 916 pariter
2230 815 2325 924 ei

175 935 494 1030 gratuiti.
550 931 674 1006 Ad
704 931 1014 1005 eundem
1046 957 1346 1031 prorsus
1387 931 1699 1006 modum
1744 935 2105 1009 amicitiae
2137 936 2341 1010 ista&

176 1053 416 1126 officiis
452 1053 768 1127 calente«
801 1053 1085 1127 sumum
1113 1051 1476 1126 interdum
1507 1069 1578 1126 et
1617 1052 1957 1128 lacrimas
1998 1055 2305 1154 habent3

171 1189 236 1247 et
269 1175 390 1248 ubi
447 1177 779 1278 primum
843 1174 1226 1246 cessaueris
1282 1175 1742 1272 extinguntur
1779 1169 1816 1224 ¹³
1854 1209 1875 1247 ε
1928 1202 2141 1250 amor
2178 1205 2311 1250 au-

175 1309 308 1369 tem
331 1297 676 1370 fortuitus
703 1350 724 1388 .‚
753 1308 825 1366 et
851 1294 1034 1392 iugis
1059 1308 1164 1368 est
1193 1309 1266 1367 et
1291 1294 1646 1370 iucundus
1678 1351 1697 1366 .
1732 1297 1925 1388 Quid
1960 1296 2158 1396 quod
2192 1323 2316 1370 ne·-

173 1443 298 1516 que
326 1417 684 1492 adolescit
716 1427 748 1464 ⁰
781 1413 1090 1514 proinde
1136 1439 1366 1514 neque
1401 1416 1935 1490 com-obomtur
1984 1416 2312 1490 amicitia

169 1536 430 1610 meritis
465 1549 674 1638 parta
706 1591 728 1628 .,
763 1550 846 1608 ut
873 1531 994 1606 ille
1026 1559 1238 1608 amor
1269 1535 1551 1610 subitus
1585 1563 1674 1610 ac
1712 1537 2128 1637 repentinus
2152 1529 2193 1612 ’.Ρ
2226 1547 2313 1612 ut

171 1681 308 1729 non
342 1683 562 1758 aeque
593 1653 1022 1730 adolescunt
1063 1656 1136 1728 in
1173 1658 1526 1756 pomariis
1557 1656 2009 1758 hortulisqne
2058 1657 2311 1731 arbus-

171 1775 362 1851 culae
395 1803 617 1852 manu
647 1773 882 1850 cultae
907 1775 1304 1876 rigataeque
1332 1831 1355 1870 .‚
1401 1793 1480 1850 ut
1511 1775 1632 1854 illa
1667 1779 1745 1852 in
1772 1777 2144 1852 montibus
2184 1803 2311 1850 ae·-

173 1900 404 1975 sculus
457 1913 532 1973 et
585 1897 782 1972 abies
827 1910 902 1970 et
945 1895 1152 1970 alnus
1209 1911 1284 1970 et
1335 1897 1590 1971 cedrus
1649 1914 1727 1972 et
1774 1899 2019 1998 piceae
2056 1953 2079 1992 .,
2136 1924 2315 1996 quae

172 2033 416 2122 sponte
441 2033 646 2094 natae
668 2076 692 2113 ‚
736 2019 886 2092 sine
921 2018 1199 2094 ratione
1229 2043 1316 2092 ac
1355 2017 1506 2090 sine
1544 2017 1798 2092 ordine
1830 2019 2007 2094 sitae
2034 2073 2057 2110 ‚
2098 2014 2313 2092 nullis

169 2139 530 2212 cultorum
545 2135 916 2212 laboribus
943 2163 1166 2237 neque
1192 2135 1452 2208 officiis
1472 2192 1492 2224 ,
1523 2135 1647 2210 sed
1675 2136 1905 2212 uentis
1930 2149 2141 2235 atque
2170 2136 2314 2210 im·-

167 2257 418 2332 hribns
461 2259 852 2333 educantur
877 2315 894 2332 .
943 2261 1140 2336 Tuus
1176 2258 1396 2355 igitur
1443 2259 1578 2332 iste
1611 2283 1823 2332 amor
1880 2255 2195 2338 incultus
2238 2269 2313 2332 et

171 2376 312 2448 sine
357 2376 628 2449 ratione
657 2389 956 2449 exortus
988 2431 1011 2471 .,
1063 2401 1277 2476 spero
1311 2401 1481 2448 cnm
1514 2375 1745 2449 cedris
1791 2401 2017 2476 porro
2060 2371 2313 2448 adole-

171 2499 304 2571 scit
349 2511 423 2571 et
459 2495 762 2572 aesculis
790 2530 810 2568 ε
843 2499 968 2597 qui
1001 2499 1063 2570 si
1101 2495 1510 2572 officiorum
1565 2498 1843 2570 ratione
1896 2493 2255 2570 coleretur
2288 2549 2319 2589 ‚

169 2642 302 2690 uon
337 2615 520 2692 ultra
551 2631 835 2717 myrtos
861 2617 1244 2720 laurusque
1273 2631 1767 2719 procresceret
1794 2674 1815 2712 .‚
1847 2617 2111 2720 quibus
2145 2615 2319 2694 satis

170 2736 404 2812 odoris
428 2794 453 2833 ‚
510 2763 774 2839 parum
807 2737 1098 2812 roboris
1129 2793 1146 2810 .
1199 2741 1303 2812 Et
1337 2739 1638 2812 omnino
1681 2754 2035 2838 quantum
2068 2737 2317 2810 fortu-

169 2883 248 2930 na
274 2859 584 2954 rationi,
641 2869 924 2932 tantum
952 2884 1166 2931 amor
1197 2859 1538 2932 fortuitus
1570 2859 1901 2932 officioso
1926 2858 2165 2931 amori
2192 2883 2321 2930 an-

171 2977 388 3052 tistat.
441 2978 632 3069 Quis
663 2993 904 3052 autem
955 2979 1238 3076 ignorat
1269 3034 1291 3073 ‚
1349 2978 1705 3050 rationem
1737 2979 2036 3050 humani
2075 2975 2318 3051 consi-

167 3096 240 3168 lii
261 3099 708 3174 uocabulum
737 3127 889 3174 esse
911 3151 936 3195 ‚
967 3101 1336 3176 fortunam
1371 3114 1608 3174 autem
1637 3099 1849 3172 deam
1883 3099 2321 3200 dearumque

169 3221 626 3322 praecipuam
649 3213 693 3296 ?
716 3219 986 3323 templa
1020 3221 1180 3294 fana
1208 3219 1503 3294 delubra
1533 3218 1813 3321 passim
1842 3217 2173 3294 fortunae
2204 3219 2323 3291 di-

169 3353 308 3414 cata
337 3372 360 3436 3
389 3342 664 3416 rationi
701 3367 835 3416 nec
867 3339 1338 3418 simulacrum
1370 3331 1739 3418 nec'aram
1774 3365 2087 3439 usquam
2126 3361 2319 3411 con-

169 3473 512 3533 sectatam
535 3452 578 3533 ’.Ρ
612 3459 782 3534 Non
825 3459 1039 3534 fallor
1065 3460 1286 3558 igitur
1318 3459 1446 3559 qui
1471 3451 1512 3508 ἆ
1535 3455 1791 3534 malim
1822 3482 2154 3530 amorem
2208 3482 2323 3530 er-

81 3565 92 3592 '
169 3597 242 3669 ga
273 3601 388 3650 me
409 3591 626 3652 tuum
657 3578 944 3653 fortuna
973 3580 1223 3678 potius
1251 3603 1472 3677 quam
1505 3601 1757 3650 amore
1784 3575 2104 3674 genitum
2124 3629 2141 3646 .
2174 3573 2319 3648 Ne·-

165 3717 290 3792 que
325 3723 506 3770 nero
551 3721 902 3798 umquam
953 3697 1139 3772 ratio
1173 3695 1542 3770 fortunam
1593 3696 2007 3797 aequiperat
2030 3752 2053 3791 .‚
2088 3719 2321 3796 neque

165 3811 530 3890 maiestate
554 3872 580 3912 ‚
635 3841 864 3917 neque
897 3841 1028 3890 usu
1060 3872 1084 3912 .,
1141 3841 1370 3914 neque
1398 3812 1745 3920 dignitate
1776 3866 1794 3883 .
1850 3813 2041 3886 Nam
2089 3837 2319 3914 neque

163 3957 430 4032 aggeres
467 3963 696 4014 manu
746 3959 834 4012 ac
875 3938 1154 4012 ratione
1190 3949 1652 4011 constructos
1700 3936 2077 4017 montibus
2132 3957 2321 4011 con-⁶

225 4099 260 4132 ο
289 4086 410 4138 eod.
446 4088 556 4140 ad.
631 4086 664 4138 b
701 4091 778 4140 Ita
795 4086 910 4140 eod.
979 4105 1008 4139 c
1045 4089 1123 4140 Ita
1155 4085 1402 4138 adolescet
1433 4101 1522 4156 per
1554 4104 1586 4137 ο
1622 4087 1769 4138 etiam
1806 4086 1941 4156 apud
1978 4087 2093 4136 Cic.
2120 4081 2183 4134 de
2211 4097 2323 4150 ”1²⁶

169 4160 230 4198 n.
265 4169 326 4214 η
361 4159 482 4212 lim
519 4157 820 4210 «audacem
868 4175 1057 4227 suuper
1097 4162 1160 4210 dt
1195 4177 1286 4224 per
1319 4175 1356 4207 u
1395 4162 1447 4210 in
1481 4160 1694 4227 antiquis
1732 4157 1878 4208 codd.
1914 4159 1997 4209 sie
2034 4155 2145 4226 lego
2186 4169 2325 4224 con-q

174 4234 342 4278 muer
373 4227 850 4300 haudd-uilicum
883 4230 1064 4283 uuila
1099 4247 1353 4300 nunquam,
1383 4230 1526 4284 uidi.
1591 4227 1628 4280 d
1661 4229 1787 4282 eod.
1822 4227 1965 4297 quin.
