3384 5134
956 464 1269 515 minan
1340 466 1485 514 1111
2143 462 2298 551 ’109

154 562 293 637 scio
322 592 345 656 ς
374 586 517 663 qua
542 583 715 634 uero
740 556 821 631 id
848 561 1127 634 ratione
1146 562 1458 634 euenerit
1489 616 1510 654 ,
1538 559 1782 634 nescio
1809 590 1831 655 .·,
1869 564 2112 639 nescio
2142 624 2164 665 ‚
2192 571 2303 643 in-

108 706 115 713 ·
148 710 355 785 quam
383 740 407 783 ⁷
438 708 571 755 cur
597 681 825 777 magis
847 696 923 753 at
945 696 975 729 ²
1004 696 1211 755 tuum
1236 707 1456 782 quam
1492 678 1585 753 ad
1613 695 1781 755 tuae·
1797 682 1983 757 filiae
2013 688 2300 787 pericu..

143 803 288 878 lum
324 816 831 877 consternatus
857 802 997 874 sim
1027 836 1045 871 ε
1070 803 1207 875 nisi
1243 804 1427 876 forte
1452 856 1473 897 ,
1534 804 1820 875 tametsi
1862 807 2068 905 paria
2111 810 2253 881 sint
2276 864 2302 905 ‚

145 923 463 1020 grauiora
485 937 727 995 tamen
752 919 1089 993 uidentur
1120 948 1301 1021 quae
1324 920 1419 993 ad
1430 947 1632 995 aures
1654 922 1856 1023 prius
1877 925 2217 999 accidunt
2231 922 2302 999 *.

144 1046 333 1136 Quae
356 1044 667 1145 denique
688 1044 985 1116 huiusce
1012 1044 1113 1117 rei
1135 1045 1320 1119 ratio
1341 1099 1364 1138 ,
1400 1058 1475 1115 tu
1499 1044 1782 1119 facilius
1805 1050 2036 1145 scias,
2063 1054 2187 1151 qui
2211 1054 2300 1126 de

139 1180 381 1239 natura
402 1179 480 1238 et
505 1165 827 1252 sensibus
850 1164 1235 1238 hominum
1266 1166 1405 1237 scis
1429 1163 1744 1266 amplius
1779 1167 2056 1270 aliquid
2081 1173 2298 1245 meli-

140 1314 357 1387 usque
382 1285 709 1359 didicisti
742 1297 761 1331 ¹
800 1342 817 1356 .
872 1288 1032 1383 Ego
1061 1343 1083 1380 .,
1120 1286 1247 1386 qui
1274 1313 1315 1359 a
1340 1312 1507 1360 meo
1536 1289 1882 1386 magistro
1913 1305 1985 1362 et
2004 1308 2296 1394 parente

138 1408 605 1485 Athenodoto
624 1420 665 1480 ,2
692 1407 787 1480 ad
809 1408 1143 1509 exempla
1165 1424 1239 1481 et
1267 1410 1607 1507 imagines
1630 1411 1980 1511 quasdam
2001 1438 2240 1489 rerum
2259 1470 2284 1510 ‚

141 1556 305 1629 quas
340 1528 467 1601 ille
495 1528 735 1599 εἰκόνας
791 1528 1205 1631 appellabat
1228 1584 1253 1623 ‚
1296 1543 1461 1630 apte
1498 1531 1745 1604 animo
1794 1536 2292 1633 conpraehen-

138 1648 413 1724 dundas
489 1650 1295 1751 adcommodandasque
1373 1650 1844 1726 mediocriter
1917 1655 2290 1745 institutus

135 1796 289 1843 sum
328 1826 353 1864 ‚
400 1772 593 1845 hanc
638 1774 933 1849 huiusce
976 1774 1078 1845 rei
1116 1772 1499 1869 imaginem
1554 1771 1956 1876 repperisse
1993 1776 2289 1871 uideor,

141 1915 265 1962 cur
287 1916 495 1966 meus
520 1891 897 1966 translatus
912 1904 1147 1969 metus
1168 1889 1401 1967 leuior
1416 1884 1457 1924 *
1472 1892 1565 1966 sit
1588 1894 1770 1967 mihi
1789 1894 1984 1969 uisus
2003 1948 2022 1965 .
2045 1894 2293 1969 Simile

139 2007 359 2083 solere
390 2012 673 2085 euenire
705 2038 885 2085 onus
911 2036 1119 2109 graue
1148 2034 1399 2083 umero
1416 2012 1854 2107 gestantibus
1879 2071 1902 2109 .,
1932 2040 2102 2089 cum
2131 2014 2294 2087 illut

133 2152 307 2203 onus
336 2133 417 2203 in
444 2132 813 2206 sinistrum
838 2132 929 2205 ab
960 2132 1218 2205 dextro
1244 2157 1495 2205 umero
1525 2134 1948 2248 transtulere
1974 2167 1997 2231 ς
2027 2162 2293 2239 quam-

131 2276 345 2349 quam
372 2249 553 2324 nihil
587 2251 677 2326 de
712 2252 1035 2354 pondere
1059 2253 1514 2327 deminutum
1554 2256 1650 2327 sit
1672 2311 1694 2350 .,
1723 2269 1962 2329 tamen
1994 2270 2076 2329 ut
2111 2282 2288 2332 one-

130 2373 221 2445 ris
256 2374 634 2448 translatio
661 2375 987 2449 uideatur
1008 2377 1229 2449 etiam
1276 2376 1619 2451 releuatio
1656 2371 1740 2449 *.

330 2495 547 2568 Nunc
592 2497 941 2597 quoniam
992 2512 1395 2599 prostrema
1436 2512 1637 2598 parte
1676 2498 2026 2600 epistulae
2065 2514 2224 2575 tuae
2259 2558 2287 2597 ‚

130 2640 265 2713 qua
309 2614 733 2691 meliuscule
762 2618 909 2689 iam
938 2617 1169 2691 ualere
1206 2618 1621 2691 Faustinam
1675 2620 2068 2717 nuntiasti,
2113 2648 2286 2697 om·-

136 2763 303 2810 nem
332 2738 519 2811 mihi
541 2762 803 2841 prosus
830 2730 869 2787 ¹³
898 2752 1177 2812 metum
1202 2763 1287 2811 ac
1310 2738 1873 2815 sollicitudinem
1901 2741 2240 2843 depulisti
2263 2774 2290 2839 .·,

130 2884 277 2930 non
313 2857 631 2933 alienum
658 2870 945 2959 tempus
970 2857 1255 2933 uidetur
1290 2859 1379 2933 de
1406 2886 1569 2934 meo
1587 2862 1924 2937 aduersus
1949 2878 2016 2937 te
2038 2890 2284 2939 amore

307 3094 340 3126 ⁴¹⁸
390 3093 492 3158 M.
544 3093 679 3157 Etsi
715 3091 885 3157 forte
916 3086 1104 3181 'paria
1142 3095 1271 3157 sin‘t
1295 3140 1315 3173 ‚
1354 3095 1657 3183 grauiora
1709 3110 1930 3158 tamen
1967 3091 2286 3161 uidentur

131 3207 299 3275 quae
372 3184 459 3247 ad
499 3208 689 3250 aures
740 3186 921 3271 prius
972 3186 1299 3253 accedunt
1348 3206 1422 3249 c.

196 3296 207 3305 ·
304 3276 341 3307 ⁴¹
390 3276 490 3341 M
543 3277 623 3339 In
695 3272 826 3341 alio
866 3274 1153 3341 leuiter.

308 3368 345 3399 ⁴*
393 3366 491 3431 M.
546 3366 722 3433 Cum
760 3390 926 3433 onus
962 3367 1379 3431 insinistrum
1404 3357 1487 3430 ab
1524 3368 1750 3433 dextro
1789 3388 2022 3432 umero
2061 3380 2280 3431 trans-

128 3453 343 3523 fertur
367 3503 387 3536 ‚
427 3454 587 3521 nihil
638 3458 719 3523 de
755 3459 1047 3547 pondere
1085 3457 1527 3537 deminuitur.‚
1565 3475 1786 3523 tamen
1824 3460 1961 3553 ipsa
1999 3455 2283 3524 transla-

126 3547 217 3615 tio
255 3546 578 3619 releuatio
634 3566 781 3616 est.

194 3816 233 3849 a
266 3800 349 3852 In
384 3801 493 3855 cod.
528 3820 623 3869 pro
660 3802 731 3851 ad
754 3840 766 3853 .
838 3800 868 3851 b
905 3802 977 3852 Ita
1028 3801 1139 3851 eod.
1183 3816 1225 3853 ι.
1256 3820 1405 3853 manu
1434 3820 1454 3865 ς
1522 3820 1571 3855 at
1607 3820 1652 3857 a.
1678 3823 1883 3876 prorsus
1907 3843 1922 3856 .
1990 3822 2018 3855 c
2053 3806 2130 3857 Ita
2178 3800 2292 3860 cod.

214 3990 234 4025 ι
276 3966 569 4046 Intelligit
594 3969 771 4029 Marci
792 3970 1159 4049 philosophi-
1238 3972 1405 4046 nysio
1440 3976 1659 4031 Fronto
1709 3974 1770 4033 in
1823 3972 2068 4055 epistula
2105 3994 2279 4051 grae-

126 4070 267 4106 am.
1245 4075 1305 4111 ca
1329 4056 1605 4133 acephala
1630 4058 1732 4117 lib.
1755 4063 1799 4117 l.
1847 4082 1938 4129 12,
1971 4072 2026 4117 et
2059 4058 2120 4113 in
2157 4057 2278 4135 epi·-

205 4154 237 4191 2
286 4094 644 4193 Athenodoti
681 4136 1025 4195 mentionem
1060 4138 1151 4193 sa-
1230 4138 1381 4194 stula
1419 4142 1503 4197 13.
1544 4142 1649 4202 lib.
1686 4142 1988 4203 11.ad··M
2022 4140 2277 4209 Antoni·-

122 4212 201 4273 cit
236 4236 372 4275 cum
404 4216 517 4277 alio
552 4220 829 4300 magistro
868 4240 970 4281 suo
1002 4221 1151 4281 Dio-
1230 4240 1367 4289 num
1402 4222 1545 4305 imp.
