3384 5134
783 510 900 557 nn
989 483 1684 573 annones-ria
2155 494 2305 571 233

167 605 278 681 ria
337 604 454 678 uir
515 604 912 679 consularis
969 628 1280 707 campos
1334 608 1776 683 formidabat
1809 664 1833 704 ‚
1912 612 2332 712 pomtinum

177 754 558 833 campum.
615 784 636 800 .
697 782 718 800 .
776 784 794 800 .

386 851 820 927 officiorum
855 874 1107 947 genera
1141 848 1288 923 duo
1308 904 1330 946 ,
1366 851 1676 926 rationes
1710 852 2105 952 tripertitae
2131 908 2149 925 .
2176 852 2340 927 Pri-

167 1003 295 1051 ma
334 976 606 1075 speeies
647 973 1084 1046 substantiae
1118 1029 1142 1069 .,
1201 987 1280 1047 ut
1306 974 1401 1046 sit
1434 1004 1455 1069 ς
1512 972 1735 1047 altera
1777 974 2139 1076 qualitatis
2175 1031 2198 1071 ‚
2254 988 2339 1049 ut

175 1099 346 1173 talis
425 1100 580 1188 'sit3
637 1098 846 1171 tertia
881 1098 981 1171 rei
1017 1154 1039 1190 .‚
1098 1112 1180 1171 ut
1211 1124 1286 1172 re
1330 1098 1490 1199 ipsa
1519 1154 1541 1193 ,
1597 1099 1801 1172 euius
1853 1124 2065 1173 causa
2114 1126 2337 1201 supe-

171 1221 370 1293 riora
436 1217 675 1291 officia
725 1218 1047 1316 suscepit
1110 1272 1133 1310 .,
1205 1216 1492 1317 expleat
1532 1272 1550 1287 .
1589 1272 1609 1289 .
1648 1274 1666 1289 .
1700 1217 2089 1294 discendae
2138 1246 2342 1294 exer-

171 1339 584 1439 cendaeque
633 1338 1020 1438 sapientiae
1049 1372 1068 1409 2
1123 1340 1411 1411 tertiam
1446 1352 1688 1411 autem
1739 1337 1929 1413 hanc
1962 1341 2283 1441 speciem
2310 1396 2338 1435 ‚

168 1460 278 1533 rei
335 1458 510 1532 dico
541 1512 564 1548 ,
599 1484 684 1531 ae
719 1459 1020 1556 negotiis
1069 1458 1304 1531 solam
1363 1459 1825 1533 terminatam
1860 1515 1885 1555 ‚
1942 1486 2018 1535 se
2058 1456 2339 1565 [q]uasi

171 1590 596 1651 contentam
653 1634 672 1649 .
741 1578 900 1651 Hae
974 1577 1390 1651 officiorum
1439 1579 1829 1677 partitione
1885 1634 1909 1672 ,
1976 1582 2035 1655 si
2096 1598 2337 1655 tamen

171 1714 302 1773 aut
341 1696 462 1772 ille
520 1708 540 1743 ¹
589 1722 842 1771 uerum
903 1697 1138 1771 aiebat
1189 1712 1313 1770 aut
1365 1722 1496 1795 ego
1535 1697 1715 1771 olim
1752 1698 1997 1774 audita
2053 1726 2339 1775 memo-

173 1821 282 1893 ria
327 1820 608 1893 retineo
643 1872 666 1910 .,
721 1829 806 1889 ut
848 1817 1083 1917 prima
1123 1816 1406 1890 homini
1441 1816 1534 1889 ad
1581 1818 2011 1917 sapientiam
2045 1819 2341 1893 tenden-

175 1942 235 2014 ti
305 1940 452 2013 sint
544 1930 1078 2039 [moli]menta
1163 1963 1344 2037 quae
1425 1936 1518 2009 ad
1587 1938 1819 2009 uitam
1896 1936 2339 2039 salutemque

171 2059 540 2161 pertinent
598 2050 631 2157 [
662 2054 1234 2129 conseruandam
1261 2050 1336 2158 .]
1375 2048 1414 2088 *
1451 2056 1680 2153 Igitur
1710 2070 1785 2129 et
1834 2056 2189 2156 prandere
2256 2068 2333 2129 et

171 2180 402 2253 lauari
479 2194 552 2251 et
602 2177 821 2274 ungui
887 2192 960 2249 et
1015 2192 1248 2250 cetera
1329 2175 1692 2250 eiusmodi
1752 2200 2047 2250 munera
2077 2232 2097 2266 ,
2166 2190 2334 2251 sunt

173 2300 516 2400 sapientis
597 2298 840 2373 officia
911 2354 930 2370 .
1023 2280 1490 2397 Quamquam
1584 2323 1817 2397 neque
1899 2296 1977 2369 in
2059 2297 2331 2373 balneis

174 2422 558 2523 quisquam
597 2418 940 2521 sapientia
998 2474 1016 2490 .
1076 2473 1098 2489 .
1149 2444 1378 2518 neque
1415 2430 1496 2490 nt
1558 2416 1757 2488 cirea
1817 2472 1833 2487 .
1895 2471 1913 2486 .
1974 2416 2065 2489 ad
2132 2442 2335 2489 men-

173 2568 332 2616 sam
370 2540 640 2615 cenarit
677 2595 700 2632 .,
757 2538 1064 2639 prandio
1141 2538 1452 2611 uomerit
1503 2594 1525 2633 .,
1599 2536 2027 2637 sapientiam
2081 2551 2330 2611 ructa-

172 2666 274 2738 rit
311 2659 354 2699 *
400 2720 417 2736 .
476 2721 496 2736 .
551 2664 614 2737 si
665 2662 896 2736 ederis
954 2718 972 2733 .
1032 2716 1054 2733 .
1105 2660 1244 2733 nisi
1295 2659 1562 2733 uixeris
1607 2716 1624 2731 .
1679 2658 1880 2751 Quid
1918 2659 2135 2757 igitur
2164 2658 2332 2731 istie

170 2782 670 2859 admonendus
711 2810 787 2857 es
815 2776 857 2856 ’ἶ
904 2810 990 2857 ne
1033 2782 1138 2855 tin
1177 2836 1196 2853 .
1256 2836 1275 2851 .
1308 2780 1458 2854 hoe
1501 2836 1518 2852 .
1579 2835 1597 2851 .
1653 2780 1965 2879 prandio
2022 2795 2094 2853 et
2131 2806 2334 2853 men-

83 2912 100 2933 '
169 2932 244 2980 sa
283 2920 316 2955 ⁸
355 2906 574 2980 situm
617 2906 988 2979 existimes
1025 2962 1044 2979 .
1110 2906 1278 2978 Non
1326 2917 1437 2977 est
1497 2903 1885 3003 sapientiae
1960 2904 2333 3000 negotium

170 3027 412 3139 uesgit,
470 3028 599 3101 sed
663 3028 814 3100 sine
857 3026 1001 3098 uita
1027 3082 1049 3115 ‚
1095 3023 1276 3125 quae
1321 3025 1489 3096 ciuo
1541 3017 1578 3071 h
1617 3036 1903 3095 constat
1929 3077 1951 3116 ‚
1992 3021 2185 3095 nulla
2220 3050 2333 3095 sa·-

167 3146 444 3246 pientia
480 3204 504 3244 ‚
575 3146 817 3220 studia
869 3144 1064 3221 nulla
1115 3172 1264 3221 esse
1311 3156 1658 3245 possunt.
1695 3136 1936 3215 ‘Nune
1993 3198 2012 3213 .
2072 3194 2091 3211 .
2126 3140 2333 3217 uides

167 3266 390 3364 igitur
415 3323 434 3338 .
467 3322 486 3338 .
516 3321 535 3337 .
571 3266 860 3341 officiac
901 3322 919 3337 .
948 3322 967 3336 .
1005 3320 1026 3337 .

383 3389 488 3461 At
539 3414 684 3462 non
735 3413 956 3487 aeque
993 3384 1352 3485 sequentia
1397 3382 1632 3456 officia
1665 3438 1686 3478 7
1730 3409 1909 3483 quae
1942 3396 2111 3455 sunt
2154 3408 2330 3482 qua-
2404 3388 2409 3391 ’

356 3616 390 3646 ⁴*
431 3616 530 3682 Μ.
569 3616 796 3680 Prima
845 3614 1212 3681 officiorum
1250 3616 1489 3704 species
1527 3616 1835 3705 sapientis
1865 3662 1885 3696 ,
1925 3637 2159 3683 eorum
2194 3614 2342 3681 sci--

170 3708 332 3776 licet
379 3728 549 3795 quae
588 3708 670 3772 ad
707 3709 918 3771 uitam
954 3705 1366 3795 salutemque
1401 3710 1734 3795 pertinent
1774 3756 1790 3772 .

355 3802 390 3830 ⁴*
435 3801 538 3865 M.
577 3800 868 3865 Prandio
917 3820 1178 3865 comeso
1213 3802 1598 3887 sapientiam
1637 3799 1918 3864 ructarit
1944 3847 1961 3861 .

283 4038 326 4070 a
378 3990 602 4070 Sebeda
621 4032 848 4068 mensam
880 4054 894 4069 .
966 4014 997 4068 b
1031 4017 1108 4068 Ita
1143 4018 1254 4069 eod.
1322 4035 1353 4067 c
1389 4004 1578 4085 Supple
1605 4032 1772 4069 uersu·
1798 4032 2007 4082 neptem.

283 4208 312 4247 ι
364 4186 634 4244 Fortasse
672 4184 982 4266 Dionysius
1020 4188 1333 4249 frontonis
1363 4188 1672 4268 magister,
1698 4188 1772 4247 de
1804 4206 1917 4266 quo
1945 4184 2122 4268 paulo
2152 4196 2285 4271 post
2306 4227 2333 4247 .
