3384 5134
785 486 1664 571 strurnnAronsu
2008 535 2019 551 ·
2170 514 2333 593 ·197

171 607 362 685 dum
413 606 588 683 mi·-
610 622 958 684 .conte.
1001 637 1370 711 ..quom
1414 594 1709 684 .tum.
1744 626 2097 687 t-ument
2160 616 2339 715 quin

170 746 324 806 te..
354 746 556 806 exter
609 786 628 804 .
657 728 822 823 ‚lis
879 746 1306 832 expectem.
1347 730 1558 831 Uale,
1593 734 1701 808 mi
1736 736 2096 877 magister,
2135 736 2335 815 Uero

174 866 312 926 tuo
366 850 737 925 carissime
782 864 856 925 et
883 850 1456 927 humanissime.

545 1117 740 1167 x111.
795 1098 1280 1187 nomuo'iuro
1331 1071 1522 1167 uano
1558 1116 1903 1179 auousro
1939 1145 1961 1165 .

275 1334 506 1425 Quon
520 1330 677 1405 heri
710 1354 881 1405 cnm
903 1331 977 1405 in
1006 1318 1357 1433 palatium
1380 1334 1604 1407 ,uestri
1631 1332 1905 1407 uisendi
1944 1360 2153 1409 causa
2188 1360 2321 1407 ue·-

169 1456 441 1529 nissem
470 1507 493 1550 ‚
573 1477 718 1527 non
757 1444 881 1553 [te
918 1444 1256 1557 uise]ri·m
1277 1508 1305 1547 a,
1360 1477 1509 1529 non
1545 1478 1709 1526 mea
1764 1452 1977 1556 culpa
2011 1455 2331 1537 euenisse

83 1594 88 1599 ·
171 1570 556 1647 ostendam
587 1568 806 1671 paulo
849 1584 1022 1671 post
1062 1625 1080 1642 .
1137 1569 1358 1661 Quod
1398 1578 1469 1645 si
1503 1574 1771 1668 uolens
1805 1571 2037 1647 libens
2072 1572 2328 1649 scienti

171 1694 424 1768 animo
496 1692 639 1767 hoc
691 1690 1032 1793 officium
1109 1716 1262 1765 non
1316 1687 1827 1789 persoluissem
1879 1691 2017 1765 hau
2029 1684 2329 1795 [dqua-]

169 1838 399 1915 quam
481 1839 600 1887 me
673 1813 1066 1913 paeniteret
1102 1868 1121 1884 .
1175 1811 1348 1885 Fuit
1415 1804 1448 1912 [
1484 1808 1739 1916 enim]
1805 1811 1938 1886 fuit
2014 1805 2324 1915 [haec]

169 1960 406 2009 causa
447 1959 588 2010 cur·
615 1949 700 2007 tu
750 1946 898 2007 tam
933 1928 1403 2031 familiaribus
1448 1929 1705 2005 litteris
1756 1955 2047 2005 mecum
2101 1958 2332 2034 expo-

165 2054 470 2131 stulares
508 2090 528 2108 ·
588 2054 836 2153 Neque
860 2066 1060 2126 tanto
1095 2076 1312 2151 opere
1343 2050 1721 2149 gauderem
1751 2107 1775 2146 ‚
1830 2052 1930 2127 sei
1966 2066 1998 2101 ⁸¹
2035 2077 2206 2127 cum
2229 2054 2329 2130 ad

169 2192 240 2253 te
275 2177 628 2252 uenissem
677 2186 968 2279 summo
1011 2199 1182 2246 cum
1217 2174 1488 2246 honore
1523 2172 1616 2245 ad
1651 2188 1719 2247 te
1761 2173 2163 2275 appellatus
2200 2200 2325 2249 es·-

167 2326 326 2373 sem
354 2353 379 2392 ,
433 2321 656 2397 quam
688 2320 883 2367 nunc
933 2291 1204 2389 gaudeo
1259 2308 1456 2367 tanto
1511 2320 1629 2367 me
1677 2294 1907 2393 iurgio
1960 2288 2327 2369 desiderass

165 2436 332 2495 tum
360 2474 380 2489 .
435 2418 765 2517 Namque
797 2430 874 2489 ιιι
897 2424 1035 2516 Pro
1067 2429 1192 2489 tua
1218 2416 1556 2514 singulari
1601 2417 2041 2491 humanitate
2071 2428 2325 2491 omnes

165 2538 403 2613 nostri
433 2536 704 2612 ordinis
729 2536 954 2628 uiroe,
973 2530 1096 2607 ubi
1123 2529 1410 2636 praesto
1434 2534 1720 2633 adsunt,
1748 2536 2151 2610 honorifice
2180 2533 2321 2608 ad-

91 2718 96 2723 .
165 2660 342 2735 faris
365 2714 387 2749 ,
408 2683 554 2733 non
585 2684 834 2731 omnes
861 2680 1121 2754 magno
1158 2680 1376 2755 opere
1397 2658 1699 2757 requiris
1721 2638 2049 2731 absentes
2076 2710 2096 2727 .
2124 2654 2325 2728 Haec

166 2778 480 2884 denique
506 2776 717 2878 culpa
746 2790 854 2849 est
881 2830 903 2868 ‚
959 2775 1034 2847 iri
1077 2800 1216 2875 qua
1251 2773 1500 2849 malim
1529 2791 1599 2849 te
1643 2777 1825 2851 mihi
1848 2776 2153 2875 grauiter
2171 2774 2322 2845 ira-—

161 2902 268 2975 sci
305 2957 330 2994 .,
388 2926 610 3001 quam
646 2897 952 2970 libenter
985 2897 1353 2994 ignoscere
1381 2952 1400 2969 .
1455 2898 1797 2971 Irasceris
1826 2898 2018 2971 enim
2043 2909 2319 2998 quanto

163 3014 683 3098 desiderantius
707 3016 1066 3091 desideras
1081 3008 1196 3087 ¹..b
1217 3016 1326 3091 bis
1348 3016 1408 3089 si
1432 3042 1672 3092 amare
1695 3018 1991 3091 desieris
2011 3072 2027 3087 .
2052 3016 2319 3089 Enim-

157 3164 336 3213 uero
385 3164 554 3213 cum
593 3152 672 3211 ιιι
721 3152 1020 3238 tuusque
1053 3136 1274 3212 frater
1329 3136 1405 3209 in
1437 3138 1652 3210 tantis
1714 3136 1977 3236 opibus
2010 3134 2240 3207 locati
2284 3186 2315 3227 ‚

165 3272 368 3335 tanta
395 3256 856 3333 multitudine
883 3256 1214 3331 omnium
1246 3282 1578 3355 generum
1617 3256 2087 3355 omniumque
2119 3251 2319 3325 ordi-

163 3404 350 3452 num
375 3433 398 3473 ,
437 3378 515 3451 in
558 3402 736 3478 quos
761 3400 1090 3450 amorem
1121 3392 1444 3451 uestrum
1490 3377 1899 3477 dispergitis
1924 3370 2322 3446 circumfu-
2422 3376 2431 3383 ’

163 3525 338 3571 sum
366 3553 391 3590 .‚
437 3496 622 3571 mihi
660 3522 948 3597 quoque
997 3508 1278 3593 partem
1331 3497 1600 3569 amoris
1643 3494 1863 3569 uestri
1892 3484 2319 3567 nonnullam

163 3616 628 3715 impertiatis,
659 3614 832 3717 quid
847 3641 964 3689 me
993 3614 1219 3688 facere
1245 3627 1562 3713 oportet,
1591 3615 1793 3690 cuius
1816 3638 1975 3715 spoe
2001 3636 2319 3713 opesque

165 3760 426 3811 omnes
459 3734 536 3807 in
587 3733 796 3808 uobis
825 3747 993 3807 sunt
1022 3732 1197 3807 solis
1241 3732 1412 3806 sitae
1441 3726 1483 3808 ?
1524 3734 1592 3809 N
1598 3761 1693 3808 on
1740 3734 1807 3808 ei
1860 3746 2041 3806 tum·
2054 3746 2315 3833 pectus

159 3877 452 3933 meum.
483 3905 503 3923 .
532 3906 552 3923 .
584 3849 760 3951 quid
783 3908 802 3923 .
830 3906 851 3922 .
887 3863 1010 3924 aut
1038 3848 1162 3924 ubi
1188 3849 1352 3924 illos
1382 3850 1567 3925 mihi
1597 3866 1763 3926 ante
1901 3864 1933 3901 ⁰
1958 3866 2317 3952 praestare
2388 3850 2391 3855 ’

232 4066 272 4099 a
307 4043 523 4098 Itucod-
575 4056 618 4093 1.
655 4059 841 4104 mutu
879 4052 931 4091 at
966 4054 1014 4090 2.
1056 4041 1134 4095 οἱ.
1203 4039 1234 4092 b
1269 4040 1456 4109 supple
1513 4041 1636 4111 duqs
1695 4059 1865 4095 uenus
1902 4058 2021 4092 cun
2071 4038 2315 4093 dimidie.

165 4136 194 4171 c
227 4116 424 4185 Supple
448 4130 617 4167 nonu·
650 4114 702 4163 in
747 4111 822 4163 hi·
857 4112 1043 4162 lacuni-
1078 4112 1234 4164 ἔειπε
1268 4112 1523 4181 qdnque.

247 4290 298 4351 ,ι
355 4272 575 4331 Locum
604 4266 818 4327 imitari
857 4267 1089 4329 uidetur
1127 4246 1503 4348 Sym‘machus
1536 4286 1626 4347 ep.
1663 4268 1803 4327 1111.
1858 4286 1957 4329 αι.
