3384 5134
1040 458 1092 562 4*
1249 459 1258 467 ’
1642 462 1771 542 An'
1840 493 1965 542 ·m··
2040 489 2583 544 cAnsnuznt

1039 585 1388 690 quoniam
1425 599 1510 660 ut
1561 613 1674 660 res
1706 603 1817 662 est
1873 591 1975 663 ita
2011 616 2129 663 me
2186 586 2423 686 diligis
2459 643 2484 682 ‚
2540 599 2623 660 ut
2656 611 2787 687 ego
2824 601 2894 664 te
2958 585 3187 688 magis

1041 735 1279 782 amare
1331 707 1461 782 uix
1505 708 1791 808 possim
1822 759 1841 780 .
1898 709 2123 808 Igitur
2185 722 2266 780 ut
2324 718 2827 804 argumentum
2888 704 3191 810 aliquod

919 873 924 880 ·
1039 828 1428 935 prolixiori
1463 828 1809 929 epistulae
1846 832 2197 932 reperiam
2227 886 2250 925 .,
2306 827 2501 930 quod
2530 883 2552 924 ‚
2599 853 2727 900 oro
2760 843 2826 902 te
2851 883 2875 923 ‚
2906 827 3002 902 ob
3034 852 3191 898 me-

1041 948 1266 1022 ritum
1300 949 1406 1020 sic
1439 973 1558 1020 me
1593 939 1849 1022 amas?
1882 949 2060 1050 quid
2092 949 2225 1022 iste
2252 951 2529 1048 Fronto
2564 959 2840 1022 tantum
2872 946 3050 1022 boni
3087 945 3195 1018 fe-

1045 1069 1150 1142 cit
1175 1082 1258 1143 ut
1293 1095 1460 1144 eum
1497 1083 1869 1170 tantopere
1906 1085 1940 1120 ὃ
1975 1085 2055 1144 ιιι
2087 1062 2398 1168 diligas?
2428 1069 2668 1170 Caput
2697 1094 2910 1142 suum
2943 1092 3079 1168 pro
3119 1079 3193 1137 te

1039 1203 1166 1262 aut
1189 1187 1608 1290 parentibus
1643 1188 1783 1260 tuis
1822 1181 2192 1263 deuouit?
2223 1187 2763 1284 Succidaneum·
2784 1213 2857 1259 se
2892 1213 3031 1288 pro
3069 1209 3195 1257 ue-

1045 1306 1214 1381 stris
1258 1304 1600 1409 periculis
1647 1305 1975 1388 subdidit
2000 1300 2042 1382 P
2092 1307 2549 1407 prouinciam
2596 1306 2914 1408 aliquam
2962 1303 3199 1378 fideli-

1045 1441 1154 1502 ter
1181 1425 1715 1501 administrauit
1738 1438 1755 1474 ¹
1782 1420 1825 1502 ?
1852 1429 2253 1502 exercitum
2288 1428 2499 1502 duxit
2518 1419 2559 1500 ἶ)
2586 1427 2785 1502 Nihil
2814 1453 3070 1500 eorum
3102 1419 3141 1476 ¹³
3168 1477 3191 1496 .

1043 1548 1153 1624 Ne
1187 1548 1569 1621 cotidianis
1602 1547 1897 1648 quidem
1934 1549 2091 1622 istis
2130 1547 2389 1622 officiis
2423 1549 2617 1622 circa
2652 1564 2719 1623 te
2750 1563 3028 1649 praeter
3062 1570 3191 1620 ce-

1041 1679 1235 1743 teros
1285 1669 1604 1768 fungitur
1634 1701 1653 1739 =
1707 1684 1779 1742 et
1808 1669 2045 1742 immo
2085 1724 2103 1740 .
2133 1724 2153 1740 .
2185 1723 2205 1739 .
2232 1679 2263 1716 c
2314 1666 2427 1741 vel
2470 1669 2627 1742 istis
2658 1661 2699 1717 d
2730 1668 3136 1768 infrequens
3168 1722 3191 1737 .

1039 1783 1236 1860 Nam
1272 1811 1495 1884 neque
1543 1785 1855 1860 domum
1912 1800 2228 1860 uestram
2275 1785 2599 1862 diluculo
2656 1789 2958 1861 uentitat
2986 1842 3009 1881 .‚
3064 1811 3194 1858 ne-

1041 1931 1181 2008 que
1215 1906 1483 1980 cotidie
1517 1907 1777 1983 salutat
1794 1965 1815 2004 ,
1844 1937 2069 2012 neque
2104 1909 2367 2011 ubique
2388 1912 2820 2004 comitatur,
2846 1934 2977 1982 nec
3002 1933 3199 1981 sem-

1042 2051 1174 2127 per
1237 2039 1523 2127 spectat
1557 2077 1577 2100 .
1655 2029 1847 2103 Uide
1905 2031 2125 2128 igitur
2187 2045 2271 2104 ut
2320 2031 2545 2132 siquis
2602 2032 2989 2127 interroget
3062 2051 3199 2100 cur

1043 2149 1491 2222 Frontonem
1551 2177 1751 2226 ames
1792 2205 1815 2247 ,
1873 2152 2135 2226 habeas
2190 2153 2265 2226 in
2324 2168 2677 2256 promptu
2726 2149 2931 2254 quod
2984 2147 3193 2223 facile

1044 2271 1482 2371 respondeas
1511 2328 1529 2344 .
1566 2275 1668 2348 At
1695 2301 1826 2371 ego
1858 2273 2035 2348 nihil
2087 2275 2383 2376 quidem
2438 2275 2634 2352 malo
2671 2301 2890 2377 quam
2922 2269 3197 2345 amoris

1043 2417 1206 2488 erga
1239 2417 1356 2465 me
1411 2395 1512 2467 tui
1545 2393 1821 2468 nullam
1858 2409 2098 2468 extare
2132 2407 2163 2444 θ
2196 2397 2557 2471 rationem
2598 2389 2633 2470 .’
2674 2396 2829 2469 Nec
2892 2392 3197 2468 omnino

1047 2512 1230 2585 mihi
1271 2535 1480 2584 amor
1510 2512 1795 2587 uidetur
1831 2513 1957 2614 qui
1994 2514 2269 2588 ratione
2306 2516 2537 2591 oritur
2568 2509 2597 2566 f
2622 2572 2647 2613 .,
2682 2529 2757 2590 et
2787 2513 2993 2588 iustis
3040 2537 3195 2584 cer-

1049 2633 1143 2704 tis
1175 2631 1266 2705 de
1317 2634 1546 2708 causis
1581 2634 1970 2737 copulatur
1998 2670 2019 2709 2
2054 2663 2380 2711 amorem
2414 2632 2455 2672 *
2494 2665 2627 2737 ego
2666 2636 2877 2711 illum
2908 2631 3195 2707 intelle·

1047 2779 1139 2852 go
1172 2753 1558 2829 fortuitum
1590 2774 1666 2832 et
1700 2757 2011 2832 liberum
2042 2814 2064 2853 ‚
2094 2773 2167 2832 et
2201 2757 2415 2833 nullis
2451 2758 2687 2832 causis
2724 2757 3195 2845 seruientem;

1045 2873 1297 2974 inpetu
1327 2875 1576 2976 potius
1615 2902 1833 2979 quam
1866 2878 2143 2951 ratione
2177 2893 2620 2980 conceptum
2649 2907 2670 2971 ς
2698 2877 2824 2977 qui
2856 2899 3003 2948 non
3032 2870 3197 2944 offi-

1048 2990 1182 3064 ciis
1207 3047 1230 3086 ‚
1287 2993 1396 3067 uti
1427 2995 1608 3092 ignis
1633 3047 1656 3090 ‚
1716 2994 1841 3068 sed
1900 3010 2159 3096 sponte
2210 3011 2413 3070 ortus
2462 2993 2856 3096 uaporibus
2918 2987 3145 3063 caleat
3176 3041 3199 3058 .

1047 3107 1389 3187 Baiarum
1419 3140 1550 3212 ego
1585 3113 1865 3188 calidos
1894 3139 2153 3215 specus
2206 3113 2401 3188 malo
2428 3123 2463 3178 g
2487 3139 2705 3214 quam
2753 3113 2929 3185 istas
2954 3110 3199 3184 forna·-

1049 3429 1086 3498 f
1138 3341 1173 3372 ⁴⁸
1221 3339 1310 3448 {n
1355 3345 1660 3432 margine
1689 3369 1709 3406 ε
1754 3341 1969 3410 Mirus
2026 3341 2215 3411 locus
2262 3343 2349 3413 de
2416 3365 2638 3410 amore
2686 3339 3065 3408 rationabili
3124 3360 3195 3411 et

1079 3447 1327 3496 ortulto
1357 3480 1375 3497 .

1117 3665 1155 3697 a
1187 3648 1263 3697 Ita
1281 3646 1390 3717 lego
1419 3643 1474 3698 in
1511 3645 1695 3700 schedis
1710 3667 1728 3712 ;
1746 3651 1834 3703 etsi
1857 3648 1971 3703 alibi
1988 3651 2144 3704 codex
2170 3651 2323 3706 uariat
2350 3665 2495 3705 tanto
2518 3669 2688 3724 opere,
2708 3671 2814 3708 tum
2836 3653 2980 3708 etiam
3000 3675 3195 3728 magno

1047 3735 1140 3787 ope
1164 3735 1222 3767 e.
1293 3716 1322 3769 b
1361 3721 1436 3768 Ita
1455 3719 1565 3790 eod.
1587 3738 1679 3788 pro
1700 3723 1877 3772 horum
1897 3759 1911 3771 .
1982 3739 2011 3773 c
2044 3725 2234 3793 Supple
2267 3743 2481 3795 quatuor
2502 3727 2707 3778 littam.
2764 3728 2801 3776 d
2834 3729 2909 3778 Ita
2934 3727 3035 3777 och.
3060 3731 3197 3783 Olim

1049 3787 1182 3840 edidi
1218 3787 1304 3837 uel
1336 3790 1382 3838 is
1419 3791 1546 3840 satis
1569 3826 1583 3840 .
1655 3809 1682 3841 e
1718 3793 1839 3842 eod.
1854 3804 2005 3844 extra
2026 3811 2119 3861 pro
2156 3809 2331 3846 extare
2353 3831 2369 3847 .
2436 3793 2477 3866 f
2496 3799 2571 3848 Ita
2607 3797 2718 3847 cod.
2743 3799 2895 3865 prima
2922 3816 3101 3859 mnu,
3143 3819 3199 3854 gt

1051 3858 1287 3982 ”cnm
1307 3861 1570 3982 mm
1633 3881 1676 3932 g
1710 3865 1770 3914 In
1794 3865 1962 3916 codiee
2000 3866 2199 3918 mdabat
2233 3868 2351 3919 mihi
2384 3863 2541 3941 legere
2560 3868 2869 3940 magis3oed
2900 3871 3003 3921 uine
3036 3871 3197 3924 dubio

1049 3948 1125 3984 eut
1325 3945 1414 3982 aut
1569 3949 1620 3982 m
1641 3967 1657 3984 .

1144 4079 1166 4116 ι
1217 4058 1446 4138 Scripta
1501 4073 1587 4118 est
1632 4059 1779 4120 haec
1824 4063 2069 4140 epistula
2153 4067 3102 4148 sequentibuslibriszquamquam
3126 4071 3197 4134 id

1055 4154 1190 4200 ante
1239 4141 1548 4222 imperium
1593 4147 1904 4206 Frontonis
1939 4169 2085 4224 pro-
2164 4147 2351 4226 ipsum
2382 4153 2613 4212 nonnisi
2648 4153 3013 4233 designatum
3052 4155 3195 4220 suis·

1057 4224 1374 4300 consulare,
1397 4227 1475 4287 de
1509 4247 1622 4309 quo
1656 4247 1846 4292 sermo
1880 4233 1991 4294 erit
2022 4233 2085 4291 in
2164 4251 2225 4292 se
2246 4234 2515 4294 uidetur.

1750 4367 1795 4410 ’ἶ
