<?xml version="1.0" encoding="UTF-8"?>
<!DOCTYPE html PUBLIC "-//W3C//DTD XHTML 1.0 Transitional//EN"
    "http://www.w3.org/TR/xhtml1/DTD/xhtml1-transitional.dtd">
<html xmlns="http://www.w3.org/1999/xhtml" xml:lang="en" lang="en">
 <head>
  <title>
</title>
<meta http-equiv="Content-Type" content="text/html;charset=utf-8" />
  <meta name='ocr-system' content='tesseract 3.04.00' />
  <meta name='ocr-capabilities' content='ocr_page ocr_carea ocr_par ocr_line ocrx_word'/>
</head>
<body>
  <div class='ocr_page' id='page_1' title='image "./mcorneliifronto00maigoog/mcorneliifronto00maigoog_0056.png"; bbox 0 0 3384 5134; ppageno 0'>
   <div class='ocr_carea' id='block_1_1' title="bbox 1015 437 3182 2819">
    <p class='ocr_par' dir='ltr' id='par_1_1' title="bbox 1019 437 2569 515">
     <span class='ocr_line' id='line_1_1' title="bbox 1019 437 2569 515; baseline -0.002 0"><span class='ocrx_word' id='word_1_1' title='bbox 1019 437 1072 515; x_wconf 84' lang='lat'>6</span> <span class='ocrx_word' id='word_1_2' title='bbox 1627 463 1746 512; x_wconf 73' lang='lat' dir='ltr'>An</span> <span class='ocrx_word' id='word_1_3' title='bbox 1828 465 1946 511; x_wconf 57' lang='lat' dir='ltr'>m·</span> <span class='ocrx_word' id='word_1_4' title='bbox 2026 462 2569 514; x_wconf 62' lang='lat' dir='ltr'>CAESAREM</span> 
     </span>
    </p>

    <p class='ocr_par' dir='ltr' id='par_1_2' title="bbox 1015 556 3182 2819">
     <span class='ocr_line' id='line_1_2' title="bbox 1021 556 3177 662; baseline 0 -30"><span class='ocrx_word' id='word_1_5' title='bbox 1021 559 1317 662; x_wconf 87' lang='lat' dir='ltr'>parabis</span> <span class='ocrx_word' id='word_1_6' title='bbox 1345 611 1368 654; x_wconf 83' lang='lat'>‚</span> <span class='ocrx_word' id='word_1_7' title='bbox 1425 583 1652 658; x_wconf 87' lang='lat' dir='ltr'>neque</span> <span class='ocrx_word' id='word_1_8' title='bbox 1691 585 1913 659; x_wconf 88' lang='lat' dir='ltr'>aquae</span> <span class='ocrx_word' id='word_1_9' title='bbox 1966 556 2228 631; x_wconf 87' lang='lat' dir='ltr'>ductus</span> <span class='ocrx_word' id='word_1_10' title='bbox 2276 557 2651 652; x_wconf 86' lang='lat' dir='ltr'>amnibus.,</span> <span class='ocrx_word' id='word_1_11' title='bbox 2704 581 2929 658; x_wconf 84' lang='lat' dir='ltr'>neque</span> <span class='ocrx_word' id='word_1_12' title='bbox 2968 583 3177 632; x_wconf 87' lang='lat' dir='ltr'>rece-</span> 
     </span>
     <span class='ocr_line' id='line_1_3' title="bbox 1021 675 3182 782; baseline -0.001 -28"><span class='ocrx_word' id='word_1_13' title='bbox 1021 679 1320 782; x_wconf 82' lang='lat' dir='ltr'>ptacula</span> <span class='ocrx_word' id='word_1_14' title='bbox 1377 679 1700 754; x_wconf 85' lang='lat' dir='ltr'>sontibus</span> <span class='ocrx_word' id='word_1_15' title='bbox 1728 705 1771 750; x_wconf 88' lang='lat'>.·</span> <span class='ocrx_word' id='word_1_16' title='bbox 1806 681 1997 752; x_wconf 88' lang='lat' dir='ltr'>Tum</span> <span class='ocrx_word' id='word_1_17' title='bbox 2038 677 2219 750; x_wconf 89' lang='lat' dir='ltr'>ratio</span> <span class='ocrx_word' id='word_1_18' title='bbox 2271 675 2747 751; x_wconf 82' lang='lat' dir='ltr'>consiliorum</span> <span class='ocrx_word' id='word_1_19' title='bbox 2798 676 3182 778; x_wconf 85' lang='lat' dir='ltr'>prudentia</span> 
     </span>
     <span class='ocr_line' id='line_1_4' title="bbox 1021 797 3179 900; baseline 0.001 -30"><span class='ocrx_word' id='word_1_20' title='bbox 1021 797 1433 900; x_wconf 86' lang='lat' dir='ltr'>appellatur</span> <span class='ocrx_word' id='word_1_21' title='bbox 1458 856 1481 893; x_wconf 87' lang='lat'>.,</span> <span class='ocrx_word' id='word_1_22' title='bbox 1539 813 1793 872; x_wconf 86' lang='lat' dir='ltr'>uatum</span> <span class='ocrx_word' id='word_1_23' title='bbox 1858 799 2173 897; x_wconf 89' lang='lat' dir='ltr'>impetus</span> <span class='ocrx_word' id='word_1_24' title='bbox 2244 798 2601 872; x_wconf 90' lang='lat' dir='ltr'>diuinatio</span> <span class='ocrx_word' id='word_1_25' title='bbox 2663 813 3127 899; x_wconf 86' lang='lat' dir='ltr'>nuncupatur</span> <span class='ocrx_word' id='word_1_26' title='bbox 3156 853 3179 872; x_wconf 85' lang='lat'><strong>.</strong></span> 
     </span>
     <span class='ocr_line' id='line_1_5' title="bbox 1025 913 3176 1019; baseline 0.002 -31"><span class='ocrx_word' id='word_1_27' title='bbox 1025 913 1182 992; x_wconf 89' lang='lat' dir='ltr'>Nec</span> <span class='ocrx_word' id='word_1_28' title='bbox 1221 919 1600 1018; x_wconf 89' lang='lat' dir='ltr'>quisquam</span> <span class='ocrx_word' id='word_1_29' title='bbox 1651 915 2254 1017; x_wconf 83' lang='lat' dir='ltr'><strong>prudentissimae</strong></span> <span class='ocrx_word' id='word_1_30' title='bbox 2317 919 2621 992; x_wconf 87' lang='lat' dir='ltr'>feminae</span> <span class='ocrx_word' id='word_1_31' title='bbox 2671 918 2995 992; x_wconf 82' lang='lat' dir='ltr'>consiliis</span> <span class='ocrx_word' id='word_1_32' title='bbox 3024 943 3176 1019; x_wconf 88' lang='lat' dir='ltr'>po·-</span> 
     </span>
     <span class='ocr_line' id='line_1_6' title="bbox 1024 1034 3178 1139; baseline 0.001 -30"><span class='ocrx_word' id='word_1_33' title='bbox 1024 1037 1169 1130; x_wconf 77' lang='lat' dir='ltr'>tius</span> <span class='ocrx_word' id='word_1_34' title='bbox 1197 1034 1570 1110; x_wconf 79' lang='lat' dir='ltr'>accederet</span> <span class='ocrx_word' id='word_1_35' title='bbox 1591 1091 1614 1130; x_wconf 87' lang='grc'>.,</span> <span class='ocrx_word' id='word_1_36' title='bbox 1651 1065 1873 1137; x_wconf 88' lang='lat' dir='ltr'>quam</span> <span class='ocrx_word' id='word_1_37' title='bbox 1897 1040 2531 1113; x_wconf 83' lang='lat' dir='ltr'>uaticinationibus</span> <span class='ocrx_word' id='word_1_38' title='bbox 2556 1039 2867 1139; x_wconf 87' lang='lat' dir='ltr'>Sibyllae</span> <span class='ocrx_word' id='word_1_39' title='bbox 2886 1053 2918 1088; x_wconf 75' lang='lat'>²</span> <span class='ocrx_word' id='word_1_40' title='bbox 2938 1041 3178 1130; x_wconf 85' lang='lat' dir='ltr'>.Quae</span> 
     </span>
     <span class='ocr_line' id='line_1_7' title="bbox 1027 1151 3179 1260; baseline 0.001 -30"><span class='ocrx_word' id='word_1_41' title='bbox 1027 1156 1272 1230; x_wconf 90' lang='lat' dir='ltr'>omnia</span> <span class='ocrx_word' id='word_1_42' title='bbox 1297 1182 1648 1256; x_wconf 88' lang='lat' dir='ltr'>quorsum</span> <span class='ocrx_word' id='word_1_43' title='bbox 1677 1153 2034 1233; x_wconf 81' lang='lat' dir='ltr'>tendunt?</span> <span class='ocrx_word' id='word_1_44' title='bbox 2054 1175 2136 1232; x_wconf 92' lang='lat' dir='ltr'>ut</span> <span class='ocrx_word' id='word_1_45' title='bbox 2166 1185 2297 1258; x_wconf 82' lang='lat' dir='ltr'>ego</span> <span class='ocrx_word' id='word_1_46' title='bbox 2334 1175 2525 1252; x_wconf 79' lang='lat' dir='ltr'>recte</span> <span class='ocrx_word' id='word_1_47' title='bbox 2553 1157 2809 1230; x_wconf 88' lang='lat' dir='ltr'>malim</span> <span class='ocrx_word' id='word_1_48' title='bbox 2834 1159 3115 1260; x_wconf 89' lang='lat' dir='ltr'>impetu</span> <span class='ocrx_word' id='word_1_49' title='bbox 3140 1151 3179 1208; x_wconf 71' lang='lat' dir='ltr'>b</span> 
     </span>
     <span class='ocr_line' id='line_1_8' title="bbox 1021 1274 3174 1376; baseline -0.001 -27"><span class='ocrx_word' id='word_1_50' title='bbox 1021 1289 1098 1349; x_wconf 87' lang='lat' dir='ltr'>et</span> <span class='ocrx_word' id='word_1_51' title='bbox 1149 1274 1334 1350; x_wconf 85' lang='lat' dir='ltr'>forte</span> <span class='ocrx_word' id='word_1_52' title='bbox 1387 1276 1631 1375; x_wconf 91' lang='lat' dir='ltr'>potius</span> <span class='ocrx_word' id='word_1_53' title='bbox 1691 1301 1909 1376; x_wconf 89' lang='lat' dir='ltr'>quam</span> <span class='ocrx_word' id='word_1_54' title='bbox 1958 1279 2234 1352; x_wconf 88' lang='lat' dir='ltr'>ratione</span> <span class='ocrx_word' id='word_1_55' title='bbox 2278 1304 2366 1350; x_wconf 88' lang='lat' dir='ltr'>ae</span> <span class='ocrx_word' id='word_1_56' title='bbox 2418 1279 2681 1352; x_wconf 88' lang='lat' dir='ltr'>merito</span> <span class='ocrx_word' id='word_1_57' title='bbox 2714 1303 2881 1350; x_wconf 88' lang='lat' dir='ltr'>meo</span> <span class='ocrx_word' id='word_1_58' title='bbox 2914 1275 3117 1374; x_wconf 83' lang='lat' dir='ltr'><strong>diligi</strong></span> <span class='ocrx_word' id='word_1_59' title='bbox 3154 1329 3174 1348; x_wconf 89' lang='lat'><strong>.</strong></span> 
     </span>
     <span class='ocr_line' id='line_1_9' title="bbox 1025 1394 3176 1498; baseline 0.001 -32"><span class='ocrx_word' id='word_1_60' title='bbox 1025 1395 1263 1486; x_wconf 89' lang='lat' dir='ltr'>Quam</span> <span class='ocrx_word' id='word_1_61' title='bbox 1310 1394 1408 1468; x_wconf 88' lang='lat' dir='ltr'>ob</span> <span class='ocrx_word' id='word_1_62' title='bbox 1446 1423 1600 1470; x_wconf 88' lang='lat' dir='ltr'>rem</span> <span class='ocrx_word' id='word_1_63' title='bbox 1652 1398 1871 1470; x_wconf 83' lang='lat' dir='ltr'>etiam</span> <span class='ocrx_word' id='word_1_64' title='bbox 1910 1401 2115 1498; x_wconf 89' lang='lat' dir='ltr'>siqua</span> <span class='ocrx_word' id='word_1_65' title='bbox 2166 1399 2355 1472; x_wconf 81' lang='lat' dir='ltr'>iusta</span> <span class='ocrx_word' id='word_1_66' title='bbox 2392 1400 2577 1472; x_wconf 89' lang='lat' dir='ltr'>ratio</span> <span class='ocrx_word' id='word_1_67' title='bbox 2616 1413 2729 1472; x_wconf 89' lang='lat' dir='ltr'>est</span> <span class='ocrx_word' id='word_1_68' title='bbox 2768 1397 3039 1470; x_wconf 90' lang='lat' dir='ltr'>amoris</span> <span class='ocrx_word' id='word_1_69' title='bbox 3060 1422 3176 1468; x_wconf 90' lang='lat' dir='ltr'>er-</span> 
     </span>
     <span class='ocr_line' id='line_1_10' title="bbox 1023 1515 3176 1619; baseline 0 -32"><span class='ocrx_word' id='word_1_70' title='bbox 1023 1540 1109 1612; x_wconf 89' lang='lat' dir='ltr'>ga</span> <span class='ocrx_word' id='word_1_71' title='bbox 1141 1541 1259 1588; x_wconf 89' lang='lat' dir='ltr'>me</span> <span class='ocrx_word' id='word_1_72' title='bbox 1313 1518 1420 1589; x_wconf 85' lang='lat' dir='ltr'>tui</span> <span class='ocrx_word' id='word_1_73' title='bbox 1447 1573 1470 1612; x_wconf 83' lang='lat'>.,</span> <span class='ocrx_word' id='word_1_74' title='bbox 1493 1561 1502 1570; x_wconf 92' lang='lat'><strong>·</strong></span> <span class='ocrx_word' id='word_1_75' title='bbox 1525 1542 1794 1619; x_wconf 86' lang='lat' dir='ltr'>quaeso</span> <span class='ocrx_word' id='word_1_76' title='bbox 1830 1573 1853 1612; x_wconf 86' lang='lat'>.‚</span> <span class='ocrx_word' id='word_1_77' title='bbox 1912 1517 2213 1612; x_wconf 78' lang='lat' dir='ltr'>Caesar,</span> <span class='ocrx_word' id='word_1_78' title='bbox 2264 1515 2513 1591; x_wconf 87' lang='lat' dir='ltr'>sedulo</span> <span class='ocrx_word' id='word_1_79' title='bbox 2577 1516 2833 1590; x_wconf 87' lang='lat' dir='ltr'>demus</span> <span class='ocrx_word' id='word_1_80' title='bbox 2874 1541 3176 1616; x_wconf 81' lang='lat' dir='ltr'>operam</span> 
     </span>
     <span class='ocr_line' id='line_1_11' title="bbox 1021 1633 3174 1734; baseline 0 -28"><span class='ocrx_word' id='word_1_81' title='bbox 1021 1649 1106 1706; x_wconf 91' lang='lat' dir='ltr'>ut</span> <span class='ocrx_word' id='word_1_82' title='bbox 1151 1635 1519 1733; x_wconf 81' lang='lat' dir='ltr'>ignoretur</span> <span class='ocrx_word' id='word_1_83' title='bbox 1565 1648 1639 1708; x_wconf 92' lang='lat' dir='ltr'>et</span> <span class='ocrx_word' id='word_1_84' title='bbox 1684 1635 1947 1729; x_wconf 76' lang='lat' dir='ltr'>lateat3</span> <span class='ocrx_word' id='word_1_85' title='bbox 1996 1637 2146 1710; x_wconf 89' lang='lat' dir='ltr'>sine</span> <span class='ocrx_word' id='word_1_86' title='bbox 2196 1637 2527 1710; x_wconf 87' lang='lat' dir='ltr'>homines</span> <span class='ocrx_word' id='word_1_87' title='bbox 2563 1637 2930 1734; x_wconf 81' lang='lat' dir='ltr'>ambigant</span> <span class='ocrx_word' id='word_1_88' title='bbox 2956 1691 2979 1730; x_wconf 87' lang='lat'>.‚</span> <span class='ocrx_word' id='word_1_89' title='bbox 3012 1633 3174 1708; x_wconf 79' lang='lat' dir='ltr'>dis-</span> 
     </span>
     <span class='ocr_line' id='line_1_12' title="bbox 1023 1755 3175 1860; baseline 0 -33"><span class='ocrx_word' id='word_1_90' title='bbox 1023 1771 1258 1828; x_wconf 86' lang='lat' dir='ltr'>serant</span> <span class='ocrx_word' id='word_1_91' title='bbox 1285 1811 1306 1849; x_wconf 76' lang='lat'>,</span> <span class='ocrx_word' id='word_1_92' title='bbox 1341 1756 1715 1858; x_wconf 79' lang='lat' dir='ltr'>disputent</span> <span class='ocrx_word' id='word_1_93' title='bbox 1740 1814 1762 1854; x_wconf 82' lang='lat'>‚</span> <span class='ocrx_word' id='word_1_94' title='bbox 1800 1760 2207 1833; x_wconf 88' lang='lat' dir='ltr'>coniectent</span> <span class='ocrx_word' id='word_1_95' title='bbox 2234 1815 2257 1855; x_wconf 78' lang='lat'><strong>‚</strong></span> <span class='ocrx_word' id='word_1_96' title='bbox 2300 1759 2701 1860; x_wconf 79' lang='lat' dir='ltr'>requirant,</span> <span class='ocrx_word' id='word_1_97' title='bbox 2738 1769 2823 1831; x_wconf 86' lang='lat' dir='ltr'>ut</span> <span class='ocrx_word' id='word_1_98' title='bbox 2860 1755 3009 1842; x_wconf 79' lang='lat' dir='ltr'>Nili</span> <span class='ocrx_word' id='word_1_99' title='bbox 3049 1779 3175 1828; x_wconf 90' lang='lat' dir='ltr'>ca-</span> 
     </span>
     <span class='ocr_line' id='line_1_13' title="bbox 1019 1877 3171 1979; baseline 0.001 -31"><span class='ocrx_word' id='word_1_100' title='bbox 1019 1892 1206 1978; x_wconf 81' lang='lat' dir='ltr'>put,</span> <span class='ocrx_word' id='word_1_101' title='bbox 1247 1877 1343 1952; x_wconf 84' lang='lat' dir='ltr'>ita</span> <span class='ocrx_word' id='word_1_102' title='bbox 1383 1878 1619 1952; x_wconf 83' lang='lat' dir='ltr'>nostri</span> <span class='ocrx_word' id='word_1_103' title='bbox 1665 1879 1939 1953; x_wconf 88' lang='lat' dir='ltr'>amoris</span> <span class='ocrx_word' id='word_1_104' title='bbox 1993 1880 2343 1979; x_wconf 88' lang='lat' dir='ltr'>originem</span> <span class='ocrx_word' id='word_1_105' title='bbox 2371 1936 2390 1953; x_wconf 90' lang='lat'><strong>.</strong></span> <span class='ocrx_word' id='word_1_106' title='bbox 2446 1880 2584 1953; x_wconf 88' lang='lat' dir='ltr'>Sed</span> <span class='ocrx_word' id='word_1_107' title='bbox 2623 1880 2772 1952; x_wconf 88' lang='lat' dir='ltr'>iam</span> <span class='ocrx_word' id='word_1_108' title='bbox 2822 1879 3001 1952; x_wconf 87' lang='lat' dir='ltr'>hora</span> <span class='ocrx_word' id='word_1_109' title='bbox 3034 1877 3171 1951; x_wconf 87' lang='lat' dir='ltr'>de-</span> 
     </span>
     <span class='ocr_line' id='line_1_14' title="bbox 1021 1999 3174 2097; baseline 0.001 -28"><span class='ocrx_word' id='word_1_110' title='bbox 1021 1999 1211 2070; x_wconf 88' lang='lat' dir='ltr'>cima</span> <span class='ocrx_word' id='word_1_111' title='bbox 1259 2000 1487 2096; x_wconf 90' lang='lat' dir='ltr'>tangit</span> <span class='ocrx_word' id='word_1_112' title='bbox 1511 2054 1535 2093; x_wconf 87' lang='lat'>.,</span> <span class='ocrx_word' id='word_1_113' title='bbox 1589 2013 1664 2072; x_wconf 89' lang='lat' dir='ltr'>et</span> <span class='ocrx_word' id='word_1_114' title='bbox 1708 1999 2120 2074; x_wconf 85' lang='lat' dir='ltr'>tabellarius</span> <span class='ocrx_word' id='word_1_115' title='bbox 2153 2016 2319 2075; x_wconf 87' lang='lat' dir='ltr'>tuus</span> <span class='ocrx_word' id='word_1_116' title='bbox 2346 2014 2624 2074; x_wconf 83' lang='lat' dir='ltr'>mussat</span> <span class='ocrx_word' id='word_1_117' title='bbox 2648 2055 2666 2070; x_wconf 93' lang='lat'><strong>.</strong></span> <span class='ocrx_word' id='word_1_118' title='bbox 2720 1999 2922 2072; x_wconf 87' lang='lat' dir='ltr'>Finis</span> <span class='ocrx_word' id='word_1_119' title='bbox 2954 1999 3174 2097; x_wconf 84' lang='lat' dir='ltr'>igitur</span> 
     </span>
     <span class='ocr_line' id='line_1_15' title="bbox 1020 2115 3172 2220; baseline -0 -30"><span class='ocrx_word' id='word_1_120' title='bbox 1020 2119 1115 2190; x_wconf 88' lang='lat' dir='ltr'>sit</span> <span class='ocrx_word' id='word_1_121' title='bbox 1145 2116 1492 2216; x_wconf 87' lang='lat' dir='ltr'>epistulae</span> <span class='ocrx_word' id='word_1_122' title='bbox 1517 2175 1536 2189; x_wconf 89' lang='lat'>.</span> <span class='ocrx_word' id='word_1_123' title='bbox 1591 2115 1826 2191; x_wconf 89' lang='lat' dir='ltr'>Ualeo</span> <span class='ocrx_word' id='word_1_124' title='bbox 1866 2118 2103 2192; x_wconf 85' lang='lat' dir='ltr'>multo</span> <span class='ocrx_word' id='word_1_125' title='bbox 2147 2145 2369 2220; x_wconf 88' lang='lat' dir='ltr'>quam</span> <span class='ocrx_word' id='word_1_126' title='bbox 2424 2118 2775 2220; x_wconf 86' lang='lat' dir='ltr'>opinabar</span> <span class='ocrx_word' id='word_1_127' title='bbox 2822 2141 3172 2190; x_wconf 86' lang='lat' dir='ltr'>commo-</span> 
     </span>
     <span class='ocr_line' id='line_1_16' title="bbox 1015 2235 3172 2338; baseline -0.001 -29"><span class='ocrx_word' id='word_1_128' title='bbox 1015 2237 1180 2309; x_wconf 84' lang='lat' dir='ltr'>dius</span> <span class='ocrx_word' id='word_1_129' title='bbox 1200 2293 1219 2308; x_wconf 90' lang='lat'><strong><em>.</em></strong></span> <span class='ocrx_word' id='word_1_130' title='bbox 1244 2237 1351 2311; x_wconf 93' lang='lat' dir='ltr'>De</span> <span class='ocrx_word' id='word_1_131' title='bbox 1378 2238 1584 2338; x_wconf 90' lang='lat' dir='ltr'>aquis</span> <span class='ocrx_word' id='word_1_132' title='bbox 1611 2235 1793 2311; x_wconf 86' lang='lat' dir='ltr'>nihil</span> <span class='ocrx_word' id='word_1_133' title='bbox 1819 2236 1999 2311; x_wconf 88' lang='lat' dir='ltr'>dum</span> <span class='ocrx_word' id='word_1_134' title='bbox 2024 2239 2269 2335; x_wconf 88' lang='lat' dir='ltr'>cogito</span> <span class='ocrx_word' id='word_1_135' title='bbox 2290 2295 2309 2310; x_wconf 91' lang='lat'><strong>.</strong></span> <span class='ocrx_word' id='word_1_136' title='bbox 2344 2240 2447 2311; x_wconf 93' lang='lat' dir='ltr'>Te</span> <span class='ocrx_word' id='word_1_137' title='bbox 2468 2237 2869 2310; x_wconf 88' lang='lat' dir='ltr'>Dominum</span> <span class='ocrx_word' id='word_1_138' title='bbox 2890 2261 3172 2330; x_wconf 84' lang='lat' dir='ltr'>meum,</span> 
     </span>
     <span class='ocr_line' id='line_1_17' title="bbox 1020 2343 3171 2461; baseline -0 -32"><span class='ocrx_word' id='word_1_139' title='bbox 1020 2355 1243 2431; x_wconf 88' lang='lat' dir='ltr'>decus</span> <span class='ocrx_word' id='word_1_140' title='bbox 1277 2383 1572 2431; x_wconf 90' lang='lat' dir='ltr'>morum</span> <span class='ocrx_word' id='word_1_141' title='bbox 1595 2414 1619 2453; x_wconf 87' lang='lat'>.,</span> <span class='ocrx_word' id='word_1_142' title='bbox 1650 2355 2005 2430; x_wconf 87' lang='lat' dir='ltr'>solacium</span> <span class='ocrx_word' id='word_1_143' title='bbox 2046 2343 2569 2461; x_wconf 85' lang='lat' dir='ltr'>[maximum]</span> <span class='ocrx_word' id='word_1_144' title='bbox 2598 2355 2917 2430; x_wconf 87' lang='lat' dir='ltr'>multum</span> <span class='ocrx_word' id='word_1_145' title='bbox 2947 2381 3119 2429; x_wconf 90' lang='lat' dir='ltr'>amo</span> <span class='ocrx_word' id='word_1_146' title='bbox 3148 2409 3171 2428; x_wconf 86' lang='lat'><strong>.</strong></span> 
     </span>
     <span class='ocr_line' id='line_1_18' title="bbox 1015 2470 3172 2579; baseline -0.001 -30"><span class='ocrx_word' id='word_1_147' title='bbox 1015 2477 1230 2550; x_wconf 86' lang='lat' dir='ltr'>Dices</span> <span class='ocrx_word' id='word_1_148' title='bbox 1261 2509 1280 2546; x_wconf 71' lang='grc' dir='ltr'><em>ε</em></span> <span class='ocrx_word' id='word_1_149' title='bbox 1313 2503 1488 2549; x_wconf 91' lang='lat' dir='ltr'>num</span> <span class='ocrx_word' id='word_1_150' title='bbox 1527 2475 1843 2576; x_wconf 86' lang='lat' dir='ltr'>amplius</span> <span class='ocrx_word' id='word_1_151' title='bbox 1873 2503 2092 2579; x_wconf 88' lang='lat' dir='ltr'>quam</span> <span class='ocrx_word' id='word_1_152' title='bbox 2130 2503 2261 2575; x_wconf 89' lang='lat' dir='ltr'>ego</span> <span class='ocrx_word' id='word_1_153' title='bbox 2304 2493 2371 2550; x_wconf 83' lang='lat' dir='ltr'>te</span> <span class='ocrx_word' id='word_1_154' title='bbox 2393 2470 2436 2552; x_wconf 66' lang='grc' dir='ltr'>’.Ρ</span> <span class='ocrx_word' id='word_1_155' title='bbox 2476 2477 2645 2550; x_wconf 92' lang='lat' dir='ltr'>Non</span> <span class='ocrx_word' id='word_1_156' title='bbox 2678 2502 2839 2550; x_wconf 88' lang='lat' dir='ltr'>sum</span> <span class='ocrx_word' id='word_1_157' title='bbox 2874 2489 3023 2548; x_wconf 86' lang='lat' dir='ltr'>tam</span> <span class='ocrx_word' id='word_1_158' title='bbox 3056 2477 3172 2546; x_wconf 87' lang='lat' dir='ltr'>in-</span> 
     </span>
     <span class='ocr_line' id='line_1_19' title="bbox 1021 2592 3173 2702; baseline 0.001 -32"><span class='ocrx_word' id='word_1_159' title='bbox 1021 2613 1260 2692; x_wconf 84' lang='lat' dir='ltr'>gratus</span> <span class='ocrx_word' id='word_1_160' title='bbox 1305 2611 1388 2670; x_wconf 89' lang='lat' dir='ltr'>ut</span> <span class='ocrx_word' id='word_1_161' title='bbox 1425 2597 1570 2670; x_wconf 90' lang='lat' dir='ltr'>hoc</span> <span class='ocrx_word' id='word_1_162' title='bbox 1607 2592 2268 2702; x_wconf 76' lang='lat' dir='ltr'>au[deam]dicere</span> <span class='ocrx_word' id='word_1_163' title='bbox 2293 2656 2314 2671; x_wconf 87' lang='lat'><strong>.</strong></span> <span class='ocrx_word' id='word_1_164' title='bbox 2360 2597 2587 2693; x_wconf 78' lang='lat' dir='ltr'>Uale,</span> <span class='ocrx_word' id='word_1_165' title='bbox 2632 2599 2936 2694; x_wconf 83' lang='lat' dir='ltr'>Caesar,</span> <span class='ocrx_word' id='word_1_166' title='bbox 2992 2621 3173 2672; x_wconf 86' lang='lat' dir='ltr'>cum</span> 
     </span>
     <span class='ocr_line' id='line_1_20' title="bbox 1016 2715 2799 2819; baseline 0.002 -29"><span class='ocrx_word' id='word_1_167' title='bbox 1016 2715 1160 2790; x_wconf 87' lang='lat' dir='ltr'>tuis</span> <span class='ocrx_word' id='word_1_168' title='bbox 1176 2718 1594 2819; x_wconf 87' lang='lat' dir='ltr'>parentibus</span> <span class='ocrx_word' id='word_1_169' title='bbox 1619 2730 1684 2814; x_wconf 80' lang='lat'>¹,</span> <span class='ocrx_word' id='word_1_170' title='bbox 1738 2731 1814 2792; x_wconf 88' lang='lat' dir='ltr'>et</span> <span class='ocrx_word' id='word_1_171' title='bbox 1836 2719 2197 2818; x_wconf 87' lang='lat' dir='ltr'>ingenium</span> <span class='ocrx_word' id='word_1_172' title='bbox 2242 2735 2452 2795; x_wconf 87' lang='lat' dir='ltr'>tuum</span> <span class='ocrx_word' id='word_1_173' title='bbox 2496 2719 2751 2794; x_wconf 80' lang='lat' dir='ltr'>excole</span> <span class='ocrx_word' id='word_1_174' title='bbox 2780 2775 2799 2793; x_wconf 89' lang='lat'><strong>.</strong></span> 
     </span>
    </p>
   </div>
   <div class='ocr_carea' id='block_1_2' title="bbox 1541 2957 2642 3027">
    <p class='ocr_par' dir='ltr' id='par_1_3' title="bbox 1541 2957 2642 3027">
     <span class='ocr_line' id='line_1_21' title="bbox 1541 2957 2642 3027; baseline 0.002 -22"><span class='ocrx_word' id='word_1_175' title='bbox 1541 2958 1670 3027; x_wconf 61' lang='lat'>111.⁸</span> <span class='ocrx_word' id='word_1_176' title='bbox 1759 2961 1870 3018; x_wconf 53' lang='lat' dir='ltr'>·1u‚·</span> <span class='ocrx_word' id='word_1_177' title='bbox 1940 2957 2211 3024; x_wconf 54' lang='grc' dir='ltr'>(τῃ-,3η</span> <span class='ocrx_word' id='word_1_178' title='bbox 2266 2959 2642 3009; x_wconf 65' lang='lat' dir='ltr'>raom-oxi</span> 
     </span>
    </p>
   </div>
   <div class='ocr_carea' id='block_1_3' title="bbox 1585 3148 2635 3208">
    <p class='ocr_par' dir='ltr' id='par_1_4' title="bbox 1585 3148 2635 3208">
     <span class='ocr_line' id='line_1_22' title="bbox 1585 3148 2635 3208; baseline 0.003 -12"><span class='ocrx_word' id='word_1_179' title='bbox 1585 3148 1972 3200; x_wconf 75' lang='lat' dir='ltr'>MAGISTRO</span> <span class='ocrx_word' id='word_1_180' title='bbox 2028 3149 2161 3198; x_wconf 88' lang='lat' dir='ltr'>SUO</span> <span class='ocrx_word' id='word_1_181' title='bbox 2204 3151 2541 3202; x_wconf 69' lang='lat' dir='ltr'><strong>SALUTEM</strong></span> <span class='ocrx_word' id='word_1_182' title='bbox 2572 3183 2591 3199; x_wconf 83' lang='lat'><strong>.</strong></span> <span class='ocrx_word' id='word_1_183' title='bbox 2630 3205 2635 3208; x_wconf 55' lang='grc'><strong>,</strong></span> 
     </span>
    </p>
   </div>
   <div class='ocr_carea' id='block_1_4' title="bbox 1009 3328 3167 3562">
    <p class='ocr_par' dir='ltr' id='par_1_5' title="bbox 1009 3328 3167 3562">
     <span class='ocr_line' id='line_1_23' title="bbox 1217 3328 3167 3440; baseline 0.002 -28"><span class='ocrx_word' id='word_1_184' title='bbox 1217 3328 1512 3412; x_wconf 71' lang='lat' dir='ltr'>&#39;Auem</span> <span class='ocrx_word' id='word_1_185' title='bbox 1569 3360 1763 3408; x_wconf 90' lang='lat' dir='ltr'>nunc</span> <span class='ocrx_word' id='word_1_186' title='bbox 1803 3330 1839 3438; x_wconf 93' lang='lat'>[</span> <span class='ocrx_word' id='word_1_187' title='bbox 1858 3335 2339 3440; x_wconf 87' lang='lat' dir='ltr'>perpaucu]la</span> <span class='ocrx_word' id='word_1_188' title='bbox 2380 3351 2633 3412; x_wconf 84' lang='lat' dir='ltr'>contra</span> <span class='ocrx_word' id='word_1_189' title='bbox 2668 3365 3011 3413; x_wconf 88' lang='lat' dir='ltr'>somnum</span> <span class='ocrx_word' id='word_1_190' title='bbox 3054 3342 3167 3416; x_wconf 85' lang='lat' dir='ltr'>ad</span> 
     </span>
     <span class='ocr_line' id='line_1_24' title="bbox 1009 3457 3161 3562; baseline 0.004 -34"><span class='ocrx_word' id='word_1_191' title='bbox 1009 3469 1143 3528; x_wconf 82' lang='lat' dir='ltr'>tua</span> <span class='ocrx_word' id='word_1_192' title='bbox 1172 3464 1208 3504; x_wconf 76' lang='lat'>²</span> <span class='ocrx_word' id='word_1_193' title='bbox 1243 3477 1382 3552; x_wconf 89' lang='lat' dir='ltr'>pro</span> <span class='ocrx_word' id='word_1_194' title='bbox 1429 3477 1691 3527; x_wconf 89' lang='lat' dir='ltr'>somno</span> <span class='ocrx_word' id='word_1_195' title='bbox 1722 3510 1743 3526; x_wconf 92' lang='lat'><strong>.</strong></span> <span class='ocrx_word' id='word_1_196' title='bbox 1795 3457 2255 3558; x_wconf 88' lang='lat' dir='ltr'>Quamquam</span> <span class='ocrx_word' id='word_1_197' title='bbox 2282 3515 2305 3552; x_wconf 85' lang='lat'>.,</span> <span class='ocrx_word' id='word_1_198' title='bbox 2361 3473 2545 3560; x_wconf 88' lang='lat' dir='ltr'>puto</span> <span class='ocrx_word' id='word_1_199' title='bbox 2582 3517 2604 3556; x_wconf 82' lang='lat'>.,</span> <span class='ocrx_word' id='word_1_200' title='bbox 2643 3463 3109 3562; x_wconf 86' lang='lat' dir='ltr'>praeuaricor</span> <span class='ocrx_word' id='word_1_201' title='bbox 3132 3517 3161 3558; x_wconf 80' lang='lat'>‚</span> 
     </span>
    </p>
   </div>
   <div class='ocr_carea' id='block_1_5' title="bbox 1111 3667 2557 3748">
    <p class='ocr_par' dir='ltr' id='par_1_6' title="bbox 1111 3667 2557 3748">
     <span class='ocr_line' id='line_1_25' title="bbox 1111 3667 2557 3748; baseline 0.01 -33"><span class='ocrx_word' id='word_1_202' title='bbox 1111 3687 1150 3719; x_wconf 76' lang='lat' dir='ltr'>a</span> <span class='ocrx_word' id='word_1_203' title='bbox 1183 3667 1309 3724; x_wconf 76' lang='lat' dir='ltr'>Cod-</span> <span class='ocrx_word' id='word_1_204' title='bbox 1343 3667 1572 3735; x_wconf 71' lang='lat' dir='ltr'>Sybalae</span> <span class='ocrx_word' id='word_1_205' title='bbox 1596 3705 1610 3720; x_wconf 92' lang='lat'><strong>.</strong></span> <span class='ocrx_word' id='word_1_206' title='bbox 1681 3671 1714 3724; x_wconf 78' lang='lat' dir='ltr'><em>b</em></span> <span class='ocrx_word' id='word_1_207' title='bbox 1758 3676 1838 3728; x_wconf 73' lang='lat' dir='ltr'>Ite</span> <span class='ocrx_word' id='word_1_208' title='bbox 1868 3676 1984 3728; x_wconf 76' lang='lat' dir='ltr'>cod.</span> <span class='ocrx_word' id='word_1_209' title='bbox 2018 3693 2070 3729; x_wconf 74' lang='lat' dir='ltr'>at</span> <span class='ocrx_word' id='word_1_210' title='bbox 2102 3681 2328 3748; x_wconf 67' lang='lat' dir='ltr'>cupa-iu·</span> <span class='ocrx_word' id='word_1_211' title='bbox 2348 3681 2522 3748; x_wconf 54' lang='lat' dir='ltr'>&amp;npetu</span> <span class='ocrx_word' id='word_1_212' title='bbox 2541 3715 2557 3730; x_wconf 88' lang='lat'><strong>.</strong></span> 
     </span>
    </p>
   </div>
   <div class='ocr_carea' id='block_1_6' title="bbox 993 3865 3183 4290">
    <p class='ocr_par' dir='ltr' id='par_1_7' title="bbox 993 3865 3183 4290">
     <span class='ocr_line' id='line_1_26' title="bbox 1093 3865 3159 3956; baseline 0.007 -32"><span class='ocrx_word' id='word_1_213' title='bbox 1093 3886 1115 3924; x_wconf 86' lang='grc' dir='ltr'><strong>ι</strong></span> <span class='ocrx_word' id='word_1_214' title='bbox 1156 3865 1262 3926; x_wconf 87' lang='lat' dir='ltr'>Pio</span> <span class='ocrx_word' id='word_1_215' title='bbox 1296 3867 1520 3927; x_wconf 81' lang='lat' dir='ltr'>scilicet</span> <span class='ocrx_word' id='word_1_216' title='bbox 1557 3882 1614 3927; x_wconf 87' lang='lat' dir='ltr'>et</span> <span class='ocrx_word' id='word_1_217' title='bbox 1653 3869 1905 3930; x_wconf 84' lang='lat' dir='ltr'>Caluilla</span> <span class='ocrx_word' id='word_1_218' title='bbox 1927 3917 1942 3929; x_wconf 92' lang='lat'><strong><em>.</em></strong></span> <span class='ocrx_word' id='word_1_219' title='bbox 2110 3878 2293 3934; x_wconf 80' lang='lat' dir='ltr'>somni</span> <span class='ocrx_word' id='word_1_220' title='bbox 2316 3877 2650 3955; x_wconf 82' lang='lat' dir='ltr'>apologiam</span> <span class='ocrx_word' id='word_1_221' title='bbox 2688 3879 2979 3956; x_wconf 81' lang='lat' dir='ltr'>quandam</span> <span class='ocrx_word' id='word_1_222' title='bbox 3002 3881 3159 3938; x_wconf 86' lang='lat' dir='ltr'>scri-</span> 
     </span>
     <span class='ocr_line' id='line_1_27' title="bbox 1085 3951 3183 4038; baseline 0.008 -32"><span class='ocrx_word' id='word_1_223' title='bbox 1085 3969 1118 4006; x_wconf 80' lang='lat'><em>2</em></span> <span class='ocrx_word' id='word_1_224' title='bbox 1143 3951 1300 4006; x_wconf 86' lang='lat' dir='ltr'>Haec</span> <span class='ocrx_word' id='word_1_225' title='bbox 1320 3952 1497 4009; x_wconf 83' lang='lat' dir='ltr'>uerba</span> <span class='ocrx_word' id='word_1_226' title='bbox 1535 3953 1816 4030; x_wconf 79' lang='lat' dir='ltr'>suppleo.</span> <span class='ocrx_word' id='word_1_227' title='bbox 1854 3955 2030 4032; x_wconf 83' lang='lat' dir='ltr'>Equi·</span> <span class='ocrx_word' id='word_1_228' title='bbox 2108 3959 2291 4038; x_wconf 82' lang='lat' dir='ltr'>psisse</span> <span class='ocrx_word' id='word_1_229' title='bbox 2314 3961 2551 4019; x_wconf 86' lang='lat' dir='ltr'>uidetur</span> <span class='ocrx_word' id='word_1_230' title='bbox 2588 3961 2663 4018; x_wconf 78' lang='lat' dir='ltr'>ad</span> <span class='ocrx_word' id='word_1_231' title='bbox 2703 3966 2959 4020; x_wconf 82' lang='lat' dir='ltr'>Marcum</span> <span class='ocrx_word' id='word_1_232' title='bbox 2998 3967 3183 4022; x_wconf 71' lang='lat' dir='ltr'>Cae-</span> 
     </span>
     <span class='ocr_line' id='line_1_28' title="bbox 1003 4027 3159 4120; baseline 0.009 -34"><span class='ocrx_word' id='word_1_233' title='bbox 1003 4027 1142 4087; x_wconf 83' lang='lat' dir='ltr'>dem</span> <span class='ocrx_word' id='word_1_234' title='bbox 1173 4047 1408 4108; x_wconf 79' lang='lat' dir='ltr'>praeter</span> <span class='ocrx_word' id='word_1_235' title='bbox 1425 4053 1490 4092; x_wconf 85' lang='lat' dir='ltr'>ea</span> <span class='ocrx_word' id='word_1_236' title='bbox 1523 4055 1670 4110; x_wconf 86' lang='lat' dir='ltr'>quae</span> <span class='ocrx_word' id='word_1_237' title='bbox 1687 4057 1797 4113; x_wconf 85' lang='lat' dir='ltr'>pro</span> <span class='ocrx_word' id='word_1_238' title='bbox 1832 4059 2033 4098; x_wconf 84' lang='lat' dir='ltr'>somno</span> <span class='ocrx_word' id='word_1_239' title='bbox 2116 4062 2303 4102; x_wconf 77' lang='lat' dir='ltr'>sarem</span> <span class='ocrx_word' id='word_1_240' title='bbox 2330 4083 2349 4100; x_wconf 76' lang='grc'><strong>.</strong></span> <span class='ocrx_word' id='word_1_241' title='bbox 2384 4047 2533 4102; x_wconf 86' lang='lat' dir='ltr'>Sane</span> <span class='ocrx_word' id='word_1_242' title='bbox 2586 4065 2715 4102; x_wconf 82' lang='lat' dir='ltr'>mox</span> <span class='ocrx_word' id='word_1_243' title='bbox 2750 4046 2811 4102; x_wconf 85' lang='lat' dir='ltr'>in</span> <span class='ocrx_word' id='word_1_244' title='bbox 2864 4064 3159 4120; x_wconf 78' lang='lat' dir='ltr'>responso</span> 
     </span>
     <span class='ocr_line' id='line_1_29' title="bbox 993 4111 3161 4206; baseline 0.008 -36"><span class='ocrx_word' id='word_1_245' title='bbox 993 4111 1154 4204; x_wconf 66' lang='lat' dir='ltr'>djxit</span> <span class='ocrx_word' id='word_1_246' title='bbox 1183 4117 1402 4173; x_wconf 78' lang='lat' dir='ltr'>Fronto</span> <span class='ocrx_word' id='word_1_247' title='bbox 1443 4118 1504 4176; x_wconf 89' lang='lat' dir='ltr'>in</span> <span class='ocrx_word' id='word_1_248' title='bbox 1549 4119 1797 4193; x_wconf 80' lang='lat' dir='ltr'>epistula</span> <span class='ocrx_word' id='word_1_249' title='bbox 1816 4121 2035 4179; x_wconf 80' lang='lat' dir='ltr'>alsien-</span> <span class='ocrx_word' id='word_1_250' title='bbox 2116 4139 2399 4182; x_wconf 84' lang='lat' dir='ltr'>memorat</span> <span class='ocrx_word' id='word_1_251' title='bbox 2416 4129 2635 4184; x_wconf 70' lang='lat' dir='ltr'>Fronto</span> <span class='ocrx_word' id='word_1_252' title='bbox 2688 4127 2974 4186; x_wconf 84' lang='lat' dir='ltr'>eiusmodi</span> <span class='ocrx_word' id='word_1_253' title='bbox 3022 4130 3161 4206; x_wconf 80' lang='lat' dir='ltr'>epi-</span> 
     </span>
     <span class='ocr_line' id='line_1_30' title="bbox 997 4196 3155 4290; baseline 0.009 -39"><span class='ocrx_word' id='word_1_254' title='bbox 997 4211 1046 4252; x_wconf 70' lang='lat' dir='ltr'>si</span> <span class='ocrx_word' id='word_1_255' title='bbox 1099 4196 1180 4254; x_wconf 78' lang='lat' dir='ltr'>ad.</span> <span class='ocrx_word' id='word_1_256' title='bbox 1211 4201 1468 4262; x_wconf 74' lang='lat' dir='ltr'>Marcum</span> <span class='ocrx_word' id='word_1_257' title='bbox 1507 4199 1625 4260; x_wconf 77' lang='lat' dir='ltr'>inm</span> <span class='ocrx_word' id='word_1_258' title='bbox 1655 4203 1983 4281; x_wconf 73' lang='lat' dir='ltr'>Augustum</span> <span class='ocrx_word' id='word_1_259' title='bbox 2002 4245 2026 4278; x_wconf 87' lang='lat'><em>,</em></span> <span class='ocrx_word' id='word_1_260' title='bbox 2110 4205 2343 4281; x_wconf 67' lang='lat' dir='ltr'>atulam,</span> <span class='ocrx_word' id='word_1_261' title='bbox 2380 4229 2531 4287; x_wconf 82' lang='lat' dir='ltr'>quae</span> <span class='ocrx_word' id='word_1_262' title='bbox 2566 4210 2630 4268; x_wconf 86' lang='lat' dir='ltr'>in</span> <span class='ocrx_word' id='word_1_263' title='bbox 2658 4208 2987 4290; x_wconf 74' lang='lat' dir='ltr'>deperditis</span> <span class='ocrx_word' id='word_1_264' title='bbox 3020 4227 3109 4271; x_wconf 74' lang='lat' dir='ltr'>est</span> <span class='ocrx_word' id='word_1_265' title='bbox 3128 4251 3155 4270; x_wconf 82' lang='lat'><strong>.</strong></span> 
     </span>
    </p>
   </div>
  </div>
 </body>
</html>
