3384 5134
1134 448 1319 506 too,
1745 450 1858 501 An
1921 455 2031 500 ffl-
2093 448 2631 501 CAESAREM

1174 532 1181 537 ’
1312 544 1499 619 Post
1547 545 1688 619 ista
1745 547 1999 621 monui
2052 546 2315 647 quibus
2383 546 2642 619 studiis
2677 602 2700 642 .,
2757 547 3104 649 quoniam
3156 544 3248 621 ita

1104 665 1319 741 uelles
1352 681 1422 740 te
1448 665 1790 741 historiae
1827 668 2255 742 scribundae
2285 693 2742 767 praeparares
2770 684 2802 717 θ
2821 724 2840 739 .
2875 670 3038 761 Qua
3063 669 3146 740 de
3175 695 3246 739 re

1032 782 1036 787 ⁵
1111 814 1287 883 cum
1314 786 1595 885 longior
1628 789 1724 862 sit
1762 792 1995 863 oratio
2015 845 2036 884 .‚
2068 817 2156 862 ne
2193 788 2500 863 modum
2531 788 2876 888 epistulae
2907 787 3242 887 egrediar,

1108 915 1327 985 finem
1366 910 1553 983 facio
1585 967 1602 981 .
1642 912 1718 983 Si
1751 926 1827 984 tu
1861 912 1951 985 de
1973 939 2056 985 ea
2089 935 2377 1012 quoque
2409 936 2482 983 re
2507 910 2728 985 scribi
2763 910 2855 984 ad
2887 924 2955 983 te
3007 907 3198 983 uoles
3220 962 3244 1001 .,

1112 1029 1335 1105 etiam
1386 1028 1618 1129 adque
1664 1028 1888 1101 etiam
1937 1028 2364 1102 admonebis
2391 1084 2410 1099 .

1526 1292 1695 1344 1111.
1783 1296 1904 1343 ·M·
1964 1294 2240 1345 CAESAR
2294 1294 2408 1341 ·u·
2469 1288 2842 1343 FRONTOM

1666 1534 2058 1587 MAGISTRO
2115 1538 2250 1585 SUO
2304 1535 2650 1585 SALUTEM
2687 1564 2708 1581 .

1313 1752 1725 1837 Poerquu
1759 1751 2178 1827 uehiculum
2225 1750 2592 1847 inscendi,
2633 1766 3026 1853 postquam
3061 1766 3127 1825 te
3152 1776 3256 1823 sa·-

1107 1860 1378 1967 Imaui,
1405 1873 1545 1947 iter
1567 1902 1712 1949 non
1742 1875 1922 1947 adeo
1945 1872 2505 1947 incommodum
2544 1871 2850 1945 fecimus
2874 1927 2895 1966 .,
2927 1870 3054 1945 sed
3085 1897 3248 1971 pau-

1110 1991 1347 2065 lulum
1372 1994 1672 2095 p'luuiae
1709 1997 1981 2097 aspersi
2033 2021 2280 2069 sumus
2309 2050 2327 2066 .
2383 1995 2521 2067 Sed
2552 1993 2980 2095 priusquam
3012 1992 3104 2065 ad
3131 1988 3252 2065 uil-

1112 2114 1320 2221 latr(1
1356 2118 1740 2211 uenimus„
1783 2118 2189 2217 Anagniam
2220 2117 2656 2191 deuertimus
2689 2114 2888 2188 mille
2923 2116 3069 2189 fere
3099 2139 3251 2215 pas-

1114 2222 1235 2309 sus
1269 2264 1310 2308 a
1349 2237 1513 2325 uia..
1570 2236 1842 2311 Deinde
1884 2238 1965 2310 id
2013 2235 2374 2338 oppidum
2429 2236 2752 2309 anticum
2775 2226 2813 2284 ¹³
2840 2234 3155 2307 uidimus
3181 2244 3248 2323 23

1108 2355 1551 2431 minutulum
1585 2357 1882 2458 quidem
1916 2357 2042 2432 sed
2074 2358 2343 2447 multas
2383 2384 2493 2431 res
2525 2359 2598 2431 in
2654 2384 2729 2431 se
2759 2356 3086 2459 antiquas
3121 2352 3249 2425 ha·-

1112 2473 1239 2549 bet
1272 2533 1295 2569 .,
1348 2477 1556 2551 aedes
1614 2494 2036 2578 sanctasque
2077 2477 2553 2550 caerimonias
2589 2488 2621 2525 c
2657 2502 2872 2575 supra
2907 2473 3205 2547 modum
3233 2521 3251 2537 .

1116 2594 1379 2669 Nullus
1432 2600 1728 2697 angulus
1783 2600 1919 2673 fuit
1954 2653 1977 2695 ‚
2053 2599 2180 2697 nbi
2234 2596 2614 2673 delubrum
2665 2613 2786 2671 aut
2841 2598 3086 2670 fanum
3143 2604 3254 2665 aut

1112 2715 1471 2815 templum
1499 2745 1649 2809 non
1678 2720 1773 2793 sit
1801 2777 1816 2791 .
1853 2721 2218 2794 Praeterea
2253 2718 2465 2793 multi
2496 2719 2663 2794 libri
2695 2716 2922 2793 linitei
2953 2711 3032 2813 d,
3066 2710 3253 2817 quod

1116 2832 1215 2906 ad
1244 2860 1448 2910 saera
1480 2838 1757 2911 adtinet
1789 2830 1829 2872 *
1860 2895 1876 2911 .
1931 2840 2199 2913 Deinde
2231 2841 2304 2912 in
2342 2854 2556 2939 porta
2590 2864 2760 2913 cum
2793 2840 3078 2913 eximus
3103 2894 3125 2931 .‚
3163 2830 3254 2906 ihi

1118 2954 1669 3055 scriptum‘erat
1701 2957 2038 3032 bifariam
2103 2958 2210 3059 sic
2239 2970 2269 3007 e
2305 2990 2326 3028 ε
2379 2958 2642 3031 flamen
2691 2985 2892 3031 sume
2925 2950 2957 3006 f
2977 2978 3246 3033 samen-

1120 3084 1279 3146 tum
1307 3134 1325 3148 .
1382 3078 1659 3175 Rogaui
1688 3076 2006 3179 aliquem
2041 3103 2132 3149 ex
2183 3074 2658 3178 popularibus
2691 3076 2868 3177 quid
2899 3076 3083 3149 illud
3110 3095 3250 3144 uer·

1262 3303 1296 3332 ⁴*
1340 3304 1441 3369 M.
1496 3305 1577 3369 In
1618 3302 1750 3369 alio
1807 3304 2087 3393 pertinet
2125 3352 2142 3369 .

1188 3538 1225 3568 α.
1259 3518 1611 3583 superadditur
1644 3540 1667 3571 s
1701 3520 1856 3573 finali·
1878 3560 1891 3573 .
1961 3522 1992 3573 b
2030 3525 2102 3574 Ita
2131 3524 2240 3576 cod.
2275 3524 2389 3575 licet
2405 3524 2556 3592 paulo
2585 3540 2697 3591 post
2727 3526 2968 3577 scribatur
3001 3528 3243 3595 antiquas.

1120 3608 1151 3641 c
1186 3588 1307 3639 Cod.
1342 3592 1642 3642 caen'mom'a
1684 3610 1881 3661 propter
1915 3611 2119 3661 nequem
2149 3616 2174 3647 s
2199 3633 2210 3644 .
2277 3596 2316 3645 d
2349 3597 2423 3645 Ita
2461 3596 2647 3656 codem
2691 3598 2845 3665 idque
2897 3600 3052 3666 magis
3103 3610 3244 3647 serunt

1122 3655 1459 3729 etymologiam
1481 3677 1544 3709 ex
1574 3660 1675 3712 Iino
1719 3681 1870 3733 quam
1906 3664 2046 3715 lintea·
2066 3703 2081 3718 .
2147 3685 2177 3717 e
2209 3667 2272 3719 In
2313 3668 2423 3722 cod.
2445 3670 2807 3741 interpungitur
2841 3684 2954 3736 pont
2994 3664 3242 3740 bij'an‘am.

1110 3727 1162 3803 f
1180 3738 1327 3783 Sume
1384 3732 1728 3799 superadditur
1765 3769 1780 3783 .

1192 3917 1237 3993 ’x
1280 3893 1613 3973 signinam,
1658 3915 1722 3961 ut
1745 3902 1898 3964 infra
1947 3926 2160 3985 cogno-
2239 3910 2322 3968 tel
2355 3936 2372 3981 ς
2418 3924 2540 3970 tum
2573 3912 2834 3971 Seruium
2877 3913 2957 3970 ad
2990 3932 3106 3969 aen.
3143 3930 3239 3969 vst-

1125 3992 1337 4040 scitur.
2243 3995 2378 4063 684.
2423 3998 2638 4053 Confer
2688 3998 2858 4056 etiam
2907 3994 3244 4057 Maerebat·

1212 4082 1243 4121 2
1293 4064 1383 4119 De
1416 4066 1708 4143 Anagniae
1727 4070 2012 4148 dignitate
2028 4074 2160 4150 lege
2243 4088 2394 4137 turn.
2427 4078 2503 4141 V.
2549 4078 2640 4138 18.

1130 4144 1472 4206 Strabonem
1489 4150 1563 4213 V.
1597 4172 1656 4233 p.
1682 4155 1820 4215 363.
1857 4156 1950 4217 ed.
1984 4158 2164 4217 Am·
