3384 5134
1117 441 1272 523 258
1765 468 1861 521 An
1933 466 2377 518 Ana-omnum
2431 466 2621 519 rum

1117 566 1641 669 complecterer
1685 562 2099 639 felicissimo
2156 576 2231 637 et
2284 561 2739 664 optatissimo
2788 560 2949 668 initi
3010 561 3260 661 impe·

1108 691 1199 766 rii
1236 690 1352 763 die
1381 744 1406 785 .,
1461 712 1678 789 quem
1724 711 1853 786 ego
1902 685 2097 759 diem
2134 683 2446 776 natalem
2498 683 2741 759 salutis
2760 738 2783 774 ,
2834 683 3213 783 dignitatis
3234 738 3261 777 ,

1107 810 1506 886 securitatis
1532 834 1733 881 meae
1751 808 2095 881 existimo
2128 862 2146 878 .
2200 803 2342 879 Sed
2378 801 2593 881 dolor
2618 806 2850 879 umeri
2884 819 2914 855 θ
2956 807 3195 903 grauis
3228 861 3255 901 ‚

1107 929 1410 1002 ceruicis
1477 952 1652 1000 uero
1702 922 1938 1001 multo
1997 925 2451 1024 grauissimus
2482 924 2584 997 ita
2618 949 2736 999 me
2768 923 3058 1001 adflixit
3082 980 3110 1019 .,
3166 938 3255 997 ut

1106 1048 1345 1125 adhuc
1382 1073 1606 1148 usque
1635 1046 1763 1119 uix
1792 1044 2137 1120 inclinare
2172 1071 2289 1120 me
2326 1042 2441 1118 uel
2468 1046 2729 1143 erigere
2765 1044 2883 1121 uel
2932 1071 3251 1121 conuer-

1105 1182 1254 1243 tere
1303 1169 1587 1268 possim
1623 1198 1644 1238 ε
1694 1168 1799 1240 ita
1848 1164 2217 1241 immobili
2270 1165 2549 1240 ceruice
2610 1180 2823 1242 utor.
2878 1164 3025 1241 Sed
3052 1164 3253 1265 apud

1103 1290 1326 1361 Lares
1384 1286 1682 1361 Penates
1732 1284 2042 1385 deosque
2080 1282 2461 1359 familiares
2490 1312 2693 1361 meos
2744 1298 2817 1359 et
2860 1283 3155 1359 reddidi
3186 1298 3255 1357 et

1107 1406 1393 1507 suscepi
1421 1419 1592 1482 uota
1617 1460 1642 1501 .,
1694 1416 1769 1479 et
1807 1419 2137 1506 precatus
2170 1398 2209 1455 Β
2232 1430 2396 1479 sum
2419 1460 2439 1495 ,
2474 1405 2581 1478 uti
2617 1430 2804 1481 anno
2846 1404 3253 1505 insequenti

1103 1526 1220 1602 bis
1241 1542 1312 1601 te
1341 1523 1865 1625 complecterer
1891 1524 2029 1597 ista
2076 1521 2192 1595 die
2214 1574 2235 1611 ,
2286 1523 2399 1597 his
2429 1537 2687 1624 pectus
2720 1538 2928 1597 tuum
2966 1536 3045 1596 et
3082 1548 3249 1595 ma-

1107 1674 1239 1721 nus
1275 1645 1721 1722 exoscularer
1745 1700 1771 1739 .,
1826 1644 2192 1745 praeteriti
2244 1644 2463 1719 simul
2491 1660 2565 1720 et
2588 1658 2620 1696 ⁰
2644 1645 3040 1748 praesentis
3085 1642 3251 1719 anni

1111 1768 1354 1843 uicem
1399 1790 1829 1868 persequens
1854 1821 1873 1837 .
1990 1847 1995 1856 ¹

1569 2027 1684 2077 vi.
1738 2024 1825 2075 An
1880 2024 2227 2075 auc-uero
2278 2027 2788 2076 nuscum-rum.

1309 2238 1480 2315 Guu
1538 2237 1719 2314 bene
1774 2253 2186 2343 perspectas
2234 2238 2542 2323 habeam
2598 2240 3131 2315 sincerissimas
3182 2241 3249 2313 in

1107 2386 1230 2437 me
1248 2358 1692 2437 adfectiones
1715 2376 1871 2435 tuas
1891 2418 1914 2457 .,
1944 2378 2104 2437 tum
2131 2376 2205 2435 et
2232 2388 2321 2435 ex
2352 2388 2519 2438 meo
2546 2364 2785 2437 animo
2817 2387 2969 2436 non
2990 2360 3249 2434 diffici-

1102 2480 1170 2554 le
1205 2482 1394 2557 mihi
1411 2482 1746 2583 persuasi
1774 2538 1799 2577 ,
1830 2484 1935 2557 mi
1958 2485 2235 2559 Fronto
2268 2482 2641 2557 karissime
2664 2538 2687 2577 ‚
2720 2481 2835 2557 uel
2866 2483 3253 2583 praecipue

936 2616 945 2628 '
1036 2648 1044 2653 -
1101 2604 1297 2677 hunc
1317 2602 1554 2698 diem,
1577 2630 1725 2705 quo
1756 2628 1877 2679 me
1906 2606 2267 2704 suscipere
2290 2604 2474 2677 hanc
2500 2604 2885 2677 stationem
2912 2601 3199 2702 placuit
3224 2656 3245 2694 ‚
3342 2708 3344 2711 Α

1095 2750 1136 2795 a
1163 2738 1228 2797 te
1251 2724 1715 2823 potissimum
1735 2751 1898 2799 uere
1922 2723 2381 2825 religioseque
2404 2722 2785 2800 celebrari.
2804 2726 2905 2797 Et
2926 2748 3061 2821 ego
3092 2726 3249 2825 qui-

1097 2838 1267 2911 dem
1301 2853 1376 2913 et
1393 2854 1566 2915 uota
1605 2856 1728 2915 tua
1756 2896 1781 2937 ‚
1836 2855 1909 2916 et
1948 2856 2019 2916 te
2048 2858 2284 2917 mente
2312 2899 2339 2939 ‚
2396 2856 2480 2916 ut
2504 2868 2638 2945 par
2678 2856 2835 2917 erat
2861 2897 2886 2938 ‚
2944 2870 3239 2944 reprae-

1103 2958 1375 3032 sentaui
1404 3012 1428 3033 .
1483 3012 1506 3031 .
1561 3015 1584 3032 .
1608 2950 1653 3011 d

1486 3226 1636 3275 vn.
1691 3194 1991 3299 (cuno
2046 3213 2371 3275 mxmo'
2410 3198 2796 3300 suoi-110¹)
2831 3186 2883 3272 .’

1231 3468 1238 3475 ·
1303 3432 1476 3510 Cum
1515 3434 1939 3533 grauitatem
1960 3448 2003 3487 θ·
2034 3492 2057 3509 .
2112 3492 2135 3509 .
2190 3492 2212 3508 .
2238 3434 2477 3511 Dolor
2496 3433 2905 3510 iracundiae
2924 3433 3235 3509 coniun-

1167 3660 1206 3692 α
1241 3644 1316 3694 Ita
1361 3643 1548 3695 Fronto
1587 3644 1699 3697 hele
1738 3658 1789 3697 et
1823 3644 1943 3697 alibi
1962 3677 1976 3692 .
2015 3644 2193 3696 Recole
2230 3644 2453 3696 adnot-u·
2487 3660 2539 3711 p.
2577 3659 2687 3710 ¹0⁷·
2718 3660 2771 3693 n.
2802 3658 2847 3694 c.
2892 3640 3097 3694 Vetere·
3130 3656 3239 3707 par-

1097 3716 1288 3767 cienimo
1315 3714 1351 3762 h
1381 3734 1493 3767 neo·
1517 3716 1664 3767 tradit
1698 3716 1899 3777 Quintil·
1942 3717 2055 3767 inst.
2097 3718 2140 3771 Ι.
2180 3719 2230 3766 5.
2298 3716 2328 3767 b
2382 3715 2504 3767 Cod.
2536 3724 2837 3785 praeeant-5.
2900 3728 2932 3759 c
2968 3712 3096 3766 God-
3134 3729 3197 3761 ω
3226 3746 3240 3762 ·

1097 3784 1138 3835 d
1162 3785 1390 3852 ,Sequens
1425 3788 1604 3857 pagina
1640 3787 1735 3858 legi
1768 3782 1945 3864 nequit
1968 3824 1983 3838 .
2050 3802 2078 3835 e
2116 3788 2193 3838 Ex
2214 3786 2375 3841 indice
2418 3786 2516 3837 hoc
2556 3788 2753 3837 initium
2788 3782 2997 3853 suppleo
3020 3820 3035 3835 .

1091 3970 1194 4011 xx.
1217 3953 1374 4011 Vide
1393 3965 1451 4011 et
1465 3956 1633 4014 Grut.
1653 3957 1829 4017 inscr-
1852 3976 2115 4016 ccum.
2200 3974 2357 4014 mum
2392 3956 2469 4013 de
2498 3964 2845 4013 testamento
2880 3950 3055 4029 Nigri
3080 3954 3236 4012 Cen·-

1095 4034 1165 4102 8,
1206 4034 1355 4091 Plin.
1393 4056 1486 4114 ep.
1535 4059 1642 4095 ιη.
1665 4060 1744 4109 9.
1789 4097 1795 4103 ,
2199 4037 2335 4099 sorii
2365 4078 2387 4109 ‚
2430 4058 2601 4115 quem
2638 4056 2839 4113 reapse
2872 4036 3097 4093 Fronto
3150 4056 3235 4112 ep.

1181 4136 1204 4171 ι
1231 4116 1514 4176 Dubitare
1533 4142 1647 4179 non
1665 4122 1807 4181 licet
1824 4122 1964 4201 quin
1978 4119 2126 4180 haec
2204 4120 2322 4180 1111
2359 4122 2440 4179 ait
2488 4142 2549 4177 se
2577 4118 2874 4197 scripsisse
2894 4158 2909 4172 .
2954 4116 3233 4195 Suppleui

1091 4196 1343 4279 epistula
1391 4201 1470 4263 sit
1521 4202 1608 4262 ‘ed
1653 4204 1899 4265 Canium
1930 4204 2125 4265 Maxi·
2204 4212 2396 4266 eutem
2432 4202 2669 4264 titulum
2698 4222 2818 4262 non
2846 4212 2966 4261 tun
2998 4220 3071 4261 ex
3106 4221 3231 4260 con·
