3384 5134
1130 452 1281 549 326
1926 486 2209 535 inmunes
2284 488 2469 535 rum

1133 614 1342 663 roum
1377 578 1793 683 tempestiue
1823 579 2225 651 inserendae
2252 635 2275 673 ,
2330 582 2502 653 item
2538 605 2783 653 uersus
2810 596 3282 681 congruentes

1129 726 1202 783 et
1223 704 1604 809 prouerbia
1623 694 2182 774 accommodata
2196 716 2269 774 et
2282 727 2430 774 non
2452 702 2727 775 inficete
2744 704 3065 776 conficta
3090 728 3287 774 men-

1130 829 1338 903 dacia
1353 839 1402 919 ¹,
1423 826 1596 897 dum
1626 821 1703 894 id
1721 819 1975 893 menda
1984 822 2177 893 cium
2204 836 2619 918 argumento
2644 819 2891 920 aliquo
2906 821 3161 921 lepido
3184 822 3284 893 iu-

1131 964 1338 1021 uetur
1367 942 1448 1014 *.
1487 944 1675 1029 Cum
1699 940 1952 1039 primis
1992 954 2231 1011 autem
2262 938 2550 1021 difficile
2583 954 2693 1012 est
2734 954 3159 1035 argumenta
3196 940 3239 1009 ie
3358 930 3360 935 ¹

1134 1067 1516 1166 disponere
1541 1117 1563 1155 .,
1589 1056 1671 1133 ut
1702 1060 1792 1133 sit
1824 1058 2009 1133 ordo
2036 1085 2288 1133 eorum
2323 1062 2457 1133 rite
2486 1086 2798 1133 conexus
2820 1073 2881 1130 ⁸.
2912 1060 3139 1149 Quod
3176 1057 3279 1128 ille

1129 1188 1341 1259 Plato
1377 1184 1666 1257 Lusiam
1702 1178 1954 1279 culpat
1985 1180 2059 1252 in
2095 1180 2429 1254 Phaedro
2460 1236 2481 1275 ,
2536 1180 3055 1253 sententiarum
3094 1180 3275 1251 ordi-

1125 1332 1292 1379 nem
1319 1302 1409 1376 ab
1429 1328 1516 1375 eo
1541 1302 1641 1373 ita
1663 1314 1927 1372 temere
1950 1302 2419 1401 permixtum,
2439 1314 2521 1373 ut
2538 1300 2688 1372 sine
2713 1298 2863 1371 ullo
2888 1300 3275 1371 detrimen·

1125 1442 1206 1501 to
1232 1427 1464 1527 prima
1491 1425 1564 1495 in
1597 1422 2076 1495 nouissimum
2106 1422 2353 1497 locum
2387 1423 2851 1495 transferantur
2876 1476 2900 1513 ‚
2936 1435 3015 1493 et
3038 1420 3271 1493 nouis-

1129 1547 1309 1621 sima
1347 1545 1422 1616 in
1459 1544 1784 1645 primum
1808 1554 1839 1593 ‘²
1868 1596 1887 1612 .
1942 1546 2126 1617 Eam
2170 1543 2458 1643 culpam
2487 1544 2585 1615 ita
2626 1540 3123 1615 deuitabimus
3149 1597 3171 1629 ‚
3220 1539 3275 1611 si

1132 1665 1360 1738 diuisa
1421 1664 1807 1763 generatim
1862 1676 2273 1760 argumenta
2326 1676 2695 1736 nectemus
2730 1716 2757 1755 ,
2810 1685 2964 1733 non
3038 1684 3271 1759 sparsa

1129 1812 1263 1861 nec
1303 1785 1450 1858 sine
1488 1782 1905 1857 discrimine
1943 1800 2265 1883 aggerata
2293 1840 2314 1875 .‚
2358 1798 2438 1855 ut
2476 1776 2663 1885 [ea]
2704 1766 2883 1881 quae
2918 1806 3060 1880 per
3088 1794 3275 1853 satu-
3358 1798 3360 1801 ⁴

1129 1932 1286 1979 ram
1326 1904 1648 1977 feruntur
1674 1958 1697 1997 .,
1756 1902 1881 1976 sed
1916 1918 1995 1975 ut
2032 1903 2459 2003 praecedens
2494 1900 2837 1975 sententia
2868 1898 2946 1971 in
2980 1924 3271 1998 sequen-

1130 2038 1280 2099 tem
1328 2024 1672 2096 laciniam
1695 2022 2013 2123 aliquam
2053 2026 2370 2125 porrigat
2392 2016 2433 2055 *
2456 2037 2529 2094 et
2562 2046 2769 2093 oram
2802 2018 3265 2120 praetendat;

1129 2146 1258 2218 ubi
1291 2146 1497 2245 prior
1527 2144 1622 2218 s'it
1685 2146 1879 2217 finita
1928 2145 2270 2217 sententia
2299 2200 2321 2237 .,
2378 2142 2545 2216 inde
2571 2158 2653 2215 ut
2690 2166 2995 2241 sequeus
3032 2140 3265 2213 ordia-

1128 2276 1251 2339 tur
1295 2300 1315 2335 ε
1394 2266 1498 2339 ita
1555 2265 1751 2337 enim
1812 2266 2201 2363 transgredi
2270 2265 2517 2365 potius
2578 2262 2995 2335 uidebimur
3064 2284 3265 2359 quam

1131 2386 1476 2461 transilire
1508 2380 1545 2438 b
1580 2442 1600 2459 .
1657 2386 1933 2460 Uerum
2002 2386 2075 2460 hi
2142 2414 2303 2460 non·
2336 2442 2355 2458 .
2414 2442 2467 2465 ..
2494 2440 2513 2457 .
2563 2384 2891 2457 Uariatio
2948 2381 3073 2455 uel
3118 2406 3263 2453 cum
3359 2394 3360 2401 ’

1131 2500 1564 2579 detrimento
1596 2505 1839 2606 aliquo
1874 2506 2143 2603 gratior
2170 2519 2274 2579 est
2306 2506 2380 2578 in
2414 2506 2733 2577 oratione
2758 2557 2781 2595 ‚
2818 2529 3057 2603 quam
3096 2518 3263 2576 recta

1131 2626 1572 2698 continuatio
1611 2680 1630 2695 .
1678 2682 1697 2695 .
1742 2682 1761 2697 .
1794 2626 1901 2699 ria
1940 2640 2214 2699 austere
2247 2624 2631 2699 formanda
2670 2680 2715 2695 ..
2748 2624 3068 2697 dicenda
3092 2638 3129 2673 ⁰
3164 2680 3181 2695 .
3210 2676 3260 2691 ..
3359 2710 3360 2715 ἵ

1130 2796 1149 2811 .
1190 2798 1208 2811 .
1233 2742 1456 2816 Modo
1489 2742 1703 2817 dulce
1736 2743 1921 2816 illud
1954 2745 2454 2845 incorruptum
2492 2744 2588 2817 sit
2618 2759 2689 2817 et
2720 2744 3087 2843 pudicum
3134 2758 3261 2815 tus·

1129 2858 1466 2934 culanum
1499 2877 1568 2935 et
1599 2862 1923 2933 ionicum
1949 2917 1972 2955 ,
2017 2864 2091 2933 id
2120 2876 2229 2934 est
2262 2862 2557 2935 Catonis
2580 2874 2653 2934 et
2684 2860 3047 2934 Herodoti
3080 2918 3101 2933 .
3142 2916 3161 2929 .
3196 2916 3213 2929 .
3244 2914 3259 2927 .

1132 2981 1218 3052 In
1254 2982 1455 3053 omni
1489 3008 1559 3055 re
1591 2980 1867 3055 facilius
1898 2996 2005 3055 est
2032 2985 2385 3055 rationem
2412 2978 2726 3057 docendi
2754 3010 2962 3059 nosse
2986 3038 3008 3075 .,
3056 3004 3261 3082 quam

1133 3102 1288 3177 'uim'
1311 3104 1564 3202 agendi
1604 3099 1924 3178 obtinere
1956 3160 1974 3175 .
2034 3162 2053 3176 .
2113 3162 2130 3177 .
2158 3119 2269 3177 est
2305 3107 2573 3180 multus
2613 3163 2632 3178 .
2690 3164 2707 3177 .
2748 3108 2853 3179 sic
2876 3120 2985 3177 est
3022 3104 3152 3203 qui
3180 3158 3199 3171 .
3248 3156 3260 3168 .

1308 3334 1340 3365 ⁴⁵
1387 3334 1486 3398 M
1537 3332 1955 3399 Mendacium
1982 3350 2369 3422 argumento
2394 3330 2616 3423 aliquo
2636 3333 2859 3423 lepido
2878 3334 3261 3403 iuuandum.
3359 3396 3360 3415 1

1312 3424 1344 3455 ⁴⁵
1389 3426 1489 3501 M.
1539 3426 1948 3490 Praecedens
1994 3426 2313 3491 sententia
2360 3425 2423 3489 in
2475 3444 2850 3513 sequentem
2900 3426 3103 3493 debet
3142 3428 3263 3494 ali-
3358 3444 3360 3459 ⁴

1134 3536 1334 3604 quam
1359 3514 1757 3602 particulam
1788 3520 2137 3609 porrigere
2169 3561 2189 3596 ‚
2232 3516 2409 3605 quod
2434 3516 2763 3583 amabitur
2783 3519 2837 3582 si
2880 3540 3261 3609 argumenta

1132 3622 1478 3671 nectantur
1511 3656 1528 3671 .

1201 3842 1237 3872 a
1274 3826 1349 3874 Ita
1385 3820 1493 3870 cod.
1561 3819 1591 3871 b
1631 3822 1885 3887 Sequentia
1915 3822 2163 3881 laterculi,
2197 3840 2623 3889 nempe-uersuum
2664 3822 2724 3871 de
2742 3842 2879 3874 more
2902 3842 3037 3879 πυτ
3062 3861 3078 3883 ‚
3115 3846 3267 3893 panta

1133 3898 1286 3945 uerba
1325 3894 1553 3962 leguntur
1573 3926 1584 3940 .
1653 3910 1682 3940 c
1720 3896 1961 3943 Sententia
1980 3912 2175 3961 poscere
2200 3893 2393 3942 uidetur
2428 3890 2453 3955 (
2473 3912 2631 3961 neque
2656 3895 2839 3945 codicis
2864 3898 3019 3962 spatia
3060 3916 3227 3951 uetant
3251 3908 3271 3958 )
3359 3902 3360 3911 ¹

1132 3964 1379 4016 iocularia
1413 3973 1605 4013 mutere
1640 3956 1910 4033 formanda
1924 4000 1937 4022 ‚
1984 3978 2187 4015 austera
2217 3964 2436 4013 dicenda
2492 3965 2771 4016 iocaedoeicer
2792 4004 2805 4015 .
2851 3970 2911 4017 E.
2956 3970 3013 4018 Β.

1226 4100 1245 4135 ι
1299 4078 1395 4135 sie
1425 4076 1507 4133 ait
1557 4090 1614 4135 et
1645 4076 1851 4136 Cicero
1904 4078 1977 4135 de
2011 4092 2149 4136 orat.
2236 4089 2275 4133 t.
2314 4079 2417 4134 111.
2460 4097 2517 4153 p.
2544 4081 2679 4147 264.
2709 4078 2797 4136 Cf.
2822 4078 3055 4157 Dionys.
3088 4082 3263 4141 halfe„

1134 4158 1216 4216 11.
1246 4158 1339 4232 59.
1683 4176 1686 4180 ·
2241 4158 2389 4218 rhet.
2412 4162 2482 4217 X.
2521 4162 2577 4215 ff.
2603 4164 2659 4233 6,
2697 4172 2751 4217 et
2772 4161 2953 4218 iudic-
2980 4164 3057 4221 de
3082 4152 3255 4223 '1⁵0oe

1216 4260 1262 4299 2·
1299 4240 1465 4301 Plato
1481 4242 1542 4300 in
1565 4241 1833 4300 Phaedro
1848 4242 2155 4322 ed.Steph.
2244 4264 2369 4321 cap.
2408 4263 2520 4301 ιιι.
2738 4256 2744 4261 ’
