3384 5134
1056 450 1156 542 84
1650 468 1765 519 An
1850 470 1959 516 m·
2047 465 2579 517 cAtsAnsM
2673 508 2683 521 .

1053 593 1219 647 rum
1238 566 1555 644 Gracchi
1584 620 1607 660 ‚
1642 560 1790 639 n'on
1826 590 2010 666 opus
2037 578 2148 638 est
2181 592 2297 638 me
2323 564 2562 636 dicere
2590 618 2613 656 .,
2643 584 2870 663 quom
2912 574 2990 635 tu
3018 557 3198 637 scias

1048 692 1338 793 optime
1368 748 1393 787 .,
1434 690 1561 793 qui
1583 715 1702 765 me
1731 704 1812 761 ut
1856 714 1969 761 eas
2001 686 2305 784 legerem
2333 684 2764 760 doctissimo
2798 686 3070 761 iudicio
3113 712 3202 759 ac

1048 809 1565 908 benignissimo
1606 808 1854 882 animo
1908 820 2034 880 tuo
2075 808 2402 880 hortatus
2435 832 2510 879 es
2537 861 2554 875 .
2614 806 2722 878 Ne
2754 820 2992 880 autem
3051 809 3201 879 sine

1050 932 1325 1005 comite
1380 928 1577 1004 solus
1630 930 1725 1002 ad
1791 944 1859 1001 te
1908 928 2092 1003 liber
2156 930 2318 1003 tuus
2382 928 2760 1003 referretur
2791 984 2814 1022 ‚
2870 927 3202 1003 libellum

1046 1052 1269 1125 istum
1299 1047 1551 1123 addidi
1585 1102 1604 1119 .
1628 1042 1846 1122 ‘Ualc
1871 1105 1893 1141 ‚
1931 1049 2036 1121 mi
2091 1049 2425 1145 magister
2459 1048 2878 1121 suauissime
2904 1102 2926 1141 ‚
2964 1050 3199 1122 amice

1052 1170 1493 1245 amicissime
1523 1227 1546 1268 .,
1585 1170 1759 1270 quoi
1805 1196 1968 1245 sum
2009 1169 2378 1243 debiturus
2412 1168 2767 1269 quidquid
2795 1166 3197 1243 litterarum

1040 1294 1277 1368 'sciero
1306 1347 1325 1364 .
1380 1292 1449 1365 N
1454 1319 1549 1368 on
1594 1319 1758 1367 sum
1793 1308 1943 1366 tam
1965 1292 2280 1390 ingratus
2309 1306 2390 1364 ut
2415 1318 2559 1365 non
2584 1289 2983 1389 intellegam
3015 1290 3199 1392 quid

1046 1410 1230 1485 mihi
1254 1411 1687 1511 praestiteris
1708 1467 1729 1505 .,
1759 1436 1984 1511 quom
2008 1426 2344 1510 excerpta
2373 1422 2489 1483 tua
2523 1421 2543 1455 ¹
2569 1408 2750 1481 mihi
2773 1410 3195 1505 ostendisti,

1048 1542 1125 1602 et
1161 1554 1390 1629 quom
1430 1529 1695 1604 cotidie
1732 1556 1874 1604 non
1913 1528 2170 1601 desinis
2201 1529 2278 1601 in
2317 1528 2517 1601 uiam
2551 1554 2672 1601 me
2704 1552 2950 1601 ueram
2987 1530 3198 1601 indu-

1060 1672 1223 1722 cere
1248 1703 1272 1744 ,
1325 1665 1400 1724 et
1442 1649 1700 1725 oculos
1727 1650 1909 1724 mihi
1935 1648 2256 1750 aperire,
2313 1661 2396 1720 ut
2423 1646 2640 1743 uolgo
2682 1645 2991 1721 dicitur.
3047 1650 3198 1722 Me-

1048 1768 1193 1841 rito
1250 1794 1417 1871 agno
1448 1824 1467 1841 .

1049 1924 1057 1935 ·
1183 1935 1188 1941 ·
1610 1912 1890 1964 xvnu.
1979 1911 2361 1962 rums-rao
2417 1910 2568 1961 mco
2603 1940 2622 1959 .

2369 2019 2380 2049 ἱ

1250 2126 1576 2219 Quium
1612 2126 1796 2200 mihi
1829 2128 2155 2202 animum
2199 2154 2354 2202 esse
2388 2126 2758 2203 existimas
2797 2152 3026 2229 quom
3067 2153 3198 2203 co-

1042 2244 1189 2343 gito
1224 2246 1570 2346 quamdiu
1598 2260 1666 2319 te
1701 2273 1848 2321 non
1872 2247 2050 2343 uidi,
2069 2261 2143 2321 et
2167 2274 2384 2349 quam
2413 2247 2509 2321 ob
2542 2274 2698 2321 rem
2721 2273 2869 2320 non
2895 2247 3046 2321 uidi
3073 2253 3095 2320 ἱ.
3123 2262 3196 2320 et

1041 2364 1371 2438 fortassis
1397 2363 1726 2465 pauculis
1751 2380 1820 2438 te
1849 2366 2087 2439 adhuc
2115 2365 2366 2439 diebus
2383 2424 2406 2461 .‚
2439 2392 2608 2440 cum
2635 2382 2667 2415 ὃ
2697 2383 2762 2440 te
2788 2368 3191 2441 necessario

1047 2486 1433 2559 confirmas
1462 2535 1485 2578 ‚
1540 2512 1689 2559 non
1741 2487 2007 2562 uidebo
2035 2542 2053 2559 .
2109 2488 2336 2585 Igitur
2389 2488 2566 2561 dum
2619 2502 2696 2561 tu
2753 2488 3022 2562 iacebis
3045 2542 3068 2577 ‚
3121 2500 3194 2559 et

1043 2602 1230 2675 mihi
1269 2604 1550 2678 animus
1614 2606 1908 2706 supinus
1943 2608 2078 2681 erit
2099 2640 2124 2689 ,ε
2179 2607 2376 2709 quod
2419 2609 2482 2681 si
2515 2600 2553 2657 b
2593 2621 2668 2681 tu
2727 2608 2839 2683 dis
2875 2609 3196 2683 iuuanti-

902 2734 913 2745 ‘
1018 2718 1177 2793 ‘bus
1234 2720 1415 2796 bene
1469 2722 1691 2799 stabis
1729 2780 1751 2819 ‚
1807 2740 1880 2799 et
1946 2752 2146 2801 meus
2205 2728 2486 2801 animus
2536 2729 2715 2802 bene
2777 2729 3136 2803 constabit
3162 2782 3188 2823 ‚

1040 2839 1167 2939 qui
1208 2868 1403 2917 nunc
1440 2856 1750 2919 torretur
1785 2847 2288 2923 ardentissimo
2326 2848 2678 2925 desiderio
2707 2864 2830 2925 tuo
2857 2844 2900 2885 *
2929 2907 2950 2923 .
3005 2848 3194 2927 Uale

1032 2960 1279 3036 anima
1310 2962 1628 3111 Caesaris
1660 2968 1766 3041 tui
1793 3018 1817 3065 ‚
1874 2970 2094 3045 am'ici
2133 2972 2278 3067 tui,
2337 2970 2682 3074 discipuli
2722 2971 2826 3045 tui
2853 3028 2871 3043 .

1731 3234 1866 3287 XX·
1942 3236 2234 3287 nomme
2289 3237 2496 3287 MEO.

1246 3442 1604 3521 Lac-runo
1640 3474 1759 3523 me
1789 3462 1994 3525 teneo
2023 3508 2040 3523 .
2095 3450 2172 3525 Si
2209 3450 2484 3551 possim
2511 3504 2533 3545 ‚
2570 3446 2696 3522 ubi
2723 3446 2816 3523 ad
2841 3450 3193 3523 Centum-

1035 3554 1253 3633 cellas
1277 3572 1308 3610 2
1332 3564 1531 3641 ibitis
1551 3624 1572 3661 .,
1601 3569 1834 3643 itineri
1861 3570 2164 3645 idoneus
2187 3598 2331 3645 esse
2357 3626 2382 3665 ‚
2420 3598 2598 3644 ·v11·
2640 3569 2798 3643 idus
2823 3596 2953 3645 uos
2983 3566 3190 3643 Lorii

1058 3712 3185 3745 mm

1204 3786 1261 3817 ‘⁴'
1306 3786 1407 3852 Μ.
1460 3788 1529 3851 in
1566 3786 1698 3855 alio
1735 3791 2042 3858 desiderii
2079 3794 2178 3857 tui
2215 3812 2248 3848 0
2273 3840 2290 3859 .

1044 3916 3184 3952 ffl———fflffi

1104 4026 1143 4059 fl.
1174 4010 1252 4062 Ita
1282 4008 1393 4063 cod.
1428 4026 1477 4060 2·
1504 4032 1687 4077 mnu3
1717 4029 1769 4066 nt
1796 4030 1838 4068 x.
1863 4036 2019 4068 mam·
2089 4016 2119 4071 b
2145 4018 2320 4077 codd
2367 4022 2555 4087 prosi.
2626 4039 2655 4071 c
2689 4024 2780 4075 Die
2803 4021 3048 4073 desiderio
3083 4027 3198 4079 tui.

1128 4170 1149 4207 ι
1190 4152 1410 4208 Horum
1449 4154 1661 4213 mentio
1688 4155 1852 4214 haud
1885 4158 2062 4215 semel
2149 4182 2280 4220 cum
2311 4160 2518 4219 iisdem
2539 4176 2767 4219 seruata
2799 4176 2932 4221 sunt
2954 4205 2968 4219 .

1034 4230 1101 4289 in
1132 4230 1221 4291 his
1254 4232 1517 4313 epistulis
1552 4235 1622 4294 fit
1643 4281 1664 4312 ,
1697 4250 1757 4297 et
1785 4240 2068 4301 nonnulla
2231 4262 2266 4304 2
2293 4244 2592 4323 ‘Loquitur
2642 4248 2860 4305 Fronto
2903 4248 2979 4305 de
3031 4244 3180 4307 uilla
