3384 5134
813 384 1622 475 lurtnA‘rottmu‘
2113 408 2302 508 ¹79.

99 520 268 594 lam
307 545 546 595 rerum
601 531 954 615 gestarum
986 519 1524 619 expeditionem
1577 524 2017 600 continentes
2050 583 2067 599 .
2124 534 2267 603 La-
2312 522 2333 541 ’

101 658 229 715 tae
251 647 496 714 autem
521 696 544 735 ,
585 642 948 739 quomodo
1007 641 1356 714 scribsisti
1399 654 1474 713 tu
1509 696 1530 735 ‚
1587 656 1836 715 extant
1870 646 2105 719 Catuli
2142 648 2263 723 lit-

109 778 316 836 terae
353 774 374 809 ¹
404 817 424 851 ,
479 761 740 863 quibus
777 816 796 832 .
837 816 854 832 .
897 790 938 835 a
971 788 1041 836 se
1090 788 1207 835 ma
1243 820 1262 835 .
1301 820 1318 833 .
1355 762 1524 835 dico
1565 817 1582 833 .
1621 818 1640 834 .
1682 762 1979 839 historia
2025 781 2261 843 tamen

108 941 135 956 .
177 942 198 955 .
249 882 679 983 scribenda,
731 885 790 957 si
837 882 932 955 ad
979 899 1305 1001 senatum
1348 886 1774 959 scriberetur
1814 942 1833 957 .
1872 942 1889 957 .
1922 890 2103 961 sensi
2127 889 2264 963 ho-

101 1032 286 1078 rum
343 1026 641 1076 suorum
664 1002 726 1075 si
765 1001 838 1073 in
892 1016 1210 1076 turmam
1253 1002 1614 1103 epistulae
1665 1001 2085 1079 contulisset
2132 1032 2261 1077 ne-

101 1122 434 1195 cessario
465 1177 512 1192 ..
533 1120 937 1220 expeditius
963 1135 1038 1193 et
1069 1121 1160 1195 de
1185 1178 1229 1193 ..
1257 1136 1286 1171 ³
1326 1122 1526 1221 quod
1553 1116 2047 1227 [paterculus]
2084 1180 2127 1196 ..
2152 1152 2265 1200 res
2350 1218 2359 1228 ἡ

93 1242 509 1316 inornatius
559 1239 932 1315 scribsisse
957 1296 976 1312 .
1017 1244 1210 1315 Tuae
1242 1242 1516 1317 litterae
1557 1259 1628 1316 et
1650 1243 2061 1345 eloquentes
2096 1260 2262 1319 sunt
2350 1308 2361 1317 .

101 1382 194 1439 ut
226 1366 568 1453 oratoriS,
624 1377 946 1438 strenuae
975 1378 1056 1438 ut
1092 1364 1298 1437 ducis
1319 1418 1338 1454 ‚
1366 1390 1606 1462 graues
1641 1380 1723 1437 ut
1761 1367 1852 1439 ad
1884 1383 2209 1440 senatum
2236 1420 2258 1457 ,

101 1502 198 1560 ut
231 1486 322 1558 de
371 1513 446 1559 re
485 1484 778 1557 militari
809 1510 956 1557 non
1009 1484 1485 1557 redundantes
1513 1538 1531 1555 .
1573 1484 1763 1556 Nam
1800 1510 2027 1587 neque
2056 1479 2093 1536 b
2118 1539 2138 1556 .
2176 1542 2193 1557 .
2238 1540 2259 1557 .

101 1607 268 1677 eius
307 1660 324 1675 .
370 1660 389 1676 .
429 1604 518 1677 de
551 1660 568 1675 .
606 1660 625 1674 .
659 1604 1024 1677 breuitatis
1066 1659 1083 1674 .
1121 1652 1141 1669 .
1176 1604 1514 1678 coartatis
1545 1638 1572 1673 ·.
1597 1656 1614 1675 .
1649 1604 1782 1676 fuit
1816 1658 1837 1673 .
1890 1606 2069 1695 Quis
2107 1606 2258 1679 im-

109 1737 416 1824 perator
439 1721 618 1823 quid
647 1722 738 1793 ad
763 1735 1110 1815 senatum,
1151 1717 1442 1824 [quom]
1473 1722 1686 1796 debet
1721 1722 1951 1823 loqui,
1993 1725 2263 1823 epistu-

104 1843 266 1917 lam
305 1843 644 1915 scriberet
665 1835 705 1915 ἶ)
759 1844 1002 1942 anue
1033 1844 1162 1914 tibi
1197 1897 1214 1913 .
1253 1898 1272 1913 .
1309 1842 1541 1915 cultas
1575 1896 1594 1913 .
1621 1896 1642 1913 .
1668 1842 1761 1915 de
1789 1843 2049 1942 quibus
2084 1844 2262 1915 scri-

103 1960 440 2035 bendum
483 1974 635 2033 erat
673 1984 844 2033 cum
881 2014 900 2031 .
937 2015 958 2031 .
997 1960 1176 2033 dum
1214 2016 1231 2031 .
1277 2017 1296 2031 .
1337 1962 1422 2033 Se
1459 1960 1762 2062 denique
1794 1984 1967 2033 cum
2004 2014 2023 2030 .
2056 2014 2075 2030 .
2107 2016 2126 2031 .
2162 1959 2261 2031 si-

107 2084 234 2157 cui
283 2083 708 2182 priusquam
737 2070 1066 2182 aliquam
1105 2079 1636 2182 prou(inciam)
1673 2135 1692 2150 .
1731 2135 1749 2151 .
1785 2080 1877 2153 ad
1900 2080 2258 2182 populum

107 2208 366 2278 dicere
399 2258 420 2291 ,
473 2217 546 2276 et
596 2204 782 2276 crim
811 2219 854 2273 .’
893 2202 1092 2303 quod
1133 2258 1150 2273 .
1194 2258 1212 2274 .
1253 2228 1382 2277 uos
1423 2256 1442 2273 .
1483 2257 1502 2272 .
1542 2202 1899 2275 exercitus
1972 2202 2262 2298 insuper

111 2342 242 2401 aut
269 2382 290 2397 .
328 2384 347 2398 .
375 2352 537 2400 meo
565 2352 705 2398 non
729 2326 883 2425 ipse
903 2332 930 2395 ’.
959 2380 976 2394 .
1005 2323 1146 2397 Uel
1183 2324 1382 2423 quod
1423 2378 1443 2395 .
1489 2378 1508 2393 .
1544 2348 1678 2395 nos
1714 2320 1743 2417 (
1773 2319 1977 2417 tros)
2010 2375 2029 2391 .
2064 2372 2084 2389 .
2120 2316 2263 2391 Uel

105 2444 318 2547 quod
351 2446 704 2518 Sohaemo
732 2444 974 2543 potius
999 2470 1216 2543 quam
1249 2440 1660 2540 Uologaeso
1685 2464 1985 2538 regnum
2002 2438 2264 2509 Arme-
2306 2536 2313 2545 ο

101 2570 274 2641 niae
311 2564 618 2639 dedisset
649 2576 726 2661 ’ς
757 2577 881 2638 aut
918 2563 1116 2664 quod
1143 2564 1505 2638 Pacorum
1541 2586 1761 2661 regno
1802 2560 2153 2659 priuasset
2174 2547 2254 2651 35,

175 2789 216 2819 a
253 2770 312 2819 In
358 2770 433 2822 hi·
477 2769 661 2820 heuuis
697 2769 839 2835 periit
894 2785 1068 2839 magus
1123 2764 1342 2817 laterculi
1405 2782 1520 2835 pars
1543 2804 1560 2818 .
1629 2762 1660 2814 ὂ
1694 2759 2023 2833 Sequentibus
2066 2756 2259 2811 lacunis

106 2856 384 2909 occupatur
423 2843 598 2911 pagiua
633 2842 854 2891 uniuersa
879 2874 895 2891 .

199 3030 222 3067 ι
278 3010 424 3067 Item
471 3008 632 3086 apud
695 3006 1030 3067 Sallustium
1077 3004 1140 3059 in
1223 3015 1429 3075 guida-0,
1469 3036 1598 3073 uoc-
1637 3001 1907 3095 Mdv-503
1954 2997 2163 3087 Βῖρος.

99 3092 368 3151 amissis:
407 3092 454 3147 is
475 3093 623 3149 enim
647 3088 840 3149 Catuli
880 3102 930 3144 et
961 3085 1144 3164 Lepi-
1306 3100 1343 3159 3
1389 3098 1644 3157 videm,-
1661 3095 1931 3153 Aurelius
1950 3090 2051 3145 ille
2080 3091 2261 3144 Paco-

104 3176 170 3233 di
215 3194 306 3232 res
339 3186 525 3250 gestas
571 3173 915 3249 scripserat.
955 3171 1144 3229 Litte-
1222 3200 1320 3239 rm
1352 3200 1454 3237 rex
1481 3178 1791 3237 Armeniae
1828 3189 2066 3247 magnae
2090 3207 2105 3235 ,
2128 3186 2256 3224 cum

97 3278 206 3316 rae
258 3270 450 3313 autem
492 3257 681 3315 Catuli
721 3256 959 3311 fortasse
992 3272 1148 3309 nnn·
1227 3265 1411 3321 stau-e
1451 3261 1733 3320 Mel-{date
1786 3256 1997 3315 deinde
2037 3254 2257 3309 Romae

102 3340 344 3398 ciabant
405 3339 625 3397 bellum
659 3336 1020 3414 lepidiauum
1071 3335 1145 3392 ab

97 3444 164 3483 se
209 3422 532 3479 consectum
576 3422 652 3477 ad
684 3426 857 3477 Cosas
881 3456 898 3471 .

193 3525 226 3563 α
300 3505 452 3563 Hinc
502 3508 590 3561 ·L·
640 3503 1138 3570 Veri-nummus,

99 3586 286 3645 tertio
335 3586 587 3665 parthici
641 3584 784 3642 belli
819 3603 966 3641 anno
1013 3602 1141 3639 cum

101 3668 434 3748 epigraphe
465 3692 581 3729 rea:
613 3670 907 3726 Armeniis
939 3668 1139 3734 datus,

101 3765 160 3809 et
181 3772 318 3810 cum
337 3752 420 3809 rei
441 3766 608 3829 typo.
625 3752 746 3806 lam
760 3748 1102 3807 Sohaemum
1121 3790 1139 3817 ‚

101 3854 282 3911 quem
301 3833 658 3907 Vologaesus
679 3833 986 3910 pepulerat
1006 3873 1024 3899 ‚
1045 3850 1140 3887 re·

102 3918 354 3975 ductum
390 3918 564 3975 fuisse
599 3914 656 3969 in
700 3913 1008 3971 armeniaci
1045 3933 1144 3969 re-

103 4000 206 4078 gni
245 3999 446 4057 sedem
478 4040 498 4068 ‚
543 4010 861 4064 testantur,
906 4010 1143 4073 praeter

100 4084 464 4139 Frontonem
499 4124 516 4149 ,
575 4078 928 4139 lamblichus
985 4078 1144 4156 apud

100 4163 386 4223 I'hotium
432 4162 560 4223 cod.
605 4183 786 4223 xcuu
821 4202 840 4235 ,
892 4180 1000 4221 nec
1029 4180 1152 4223 non

1226 3359 1456 3405 mortuo
1490 3387 1508 3413 ,
1583 3342 1741 3401 cuius
1818 3332 2259 3412 inscriptionem

1227 3426 1622 3505 gruterianam
1667 3444 1839 3481 mxci.
1870 3443 1938 3479 xo
1965 3416 2162 3475 citauit
2190 3417 2253 3471 in

1223 3513 1320 3569 ed.
1355 3510 1538 3568 berol.
1582 3502 1690 3564 ill.'
1712 3508 1782 3565 N.
1806 3502 1977 3579 3quia
2028 3497 2253 3559 scilicet

1223 3592 1450 3653 Aurelii
1485 3610 1694 3649 nomen
1727 3588 1860 3645 satis
1880 3584 2099 3641 indicat
2117 3584 2255 3641 suis-

1224 3696 1285 3735 σε
1304 3696 1432 3733 eum
1463 3675 1732 3731 diuorum
1766 3672 2033 3727 Fratrum
2070 3666 2255 3723 clien-

1227 3771 1358 3817 tem:
1375 3779 1405 3827 ρ
1419 3757 1623 3835 quibus
1642 3753 1911 3810 Armenia
1928 3769 2054 3807 cum
2074 3748 2255 3805 fratre

1223 3842 1495 3898 excedere
1531 3842 1862 3911 Romaeque
1896 3834 2093 3891 uiuere
2128 3851 2255 3887 coa-
2288 3836 2293 3844 '

1228 3938 1349 3981 ctus
1361 3922 1531 3981 fuisse
1543 3913 2257 3979 uidemusedentmetpn-

1229 4026 1392 4063 eorus
1407 4006 1568 4064 Lazis
1581 4026 1675 4063 rex
1699 4003 1864 4059 datus
1886 4019 1915 4053 a
1934 3996 2033 4053 Pio
2048 4015 2259 4051 memor

1229 4101 1392 4148 ratur
1425 4090 1584 4170 apud
1615 4080 1868 4165 Capitol.
1909 4098 2031 4157 cap.
2077 4098 2251 4139 vnn.

1671 4246 1715 4291 ὑ
