<?xml version="1.0" encoding="UTF-8"?>
<!DOCTYPE html PUBLIC "-//W3C//DTD XHTML 1.0 Transitional//EN"
    "http://www.w3.org/TR/xhtml1/DTD/xhtml1-transitional.dtd">
<html xmlns="http://www.w3.org/1999/xhtml" xml:lang="en" lang="en">
 <head>
  <title>
</title>
<meta http-equiv="Content-Type" content="text/html;charset=utf-8" />
  <meta name='ocr-system' content='tesseract 3.04.00' />
  <meta name='ocr-capabilities' content='ocr_page ocr_carea ocr_par ocr_line ocrx_word'/>
</head>
<body>
  <div class='ocr_page' id='page_1' title='image "./mcorneliifronto00maigoog/mcorneliifronto00maigoog_0393.png"; bbox 0 0 3384 5134; ppageno 0'>
   <div class='ocr_carea' id='block_1_1' title="bbox 13 2917 19 3495">
    <p class='ocr_par' dir='ltr' id='par_1_1' title="bbox 13 2917 19 3495">
     <span class='ocr_line' id='line_1_1' title="bbox 13 2917 19 3495; baseline 0 0"><span class='ocrx_word' id='word_1_1' title='bbox 13 2917 19 3495; x_wconf 95' lang='lat' dir='ltr'><strong> </strong></span> 
     </span>
    </p>
   </div>
   <div class='ocr_carea' id='block_1_2' title="bbox 277 471 2438 1252">
    <p class='ocr_par' dir='ltr' id='par_1_2' title="bbox 277 471 2438 1252">
     <span class='ocr_line' id='line_1_2' title="bbox 1082 471 2438 568; baseline 0.001 -26"><span class='ocrx_word' id='word_1_2' title='bbox 1082 487 1637 544; x_wconf 57' lang='lat' dir='ltr'><strong>ananum-rien:</strong></span> <span class='ocrx_word' id='word_1_3' title='bbox 2288 471 2438 568; x_wconf 78' lang='lat'><strong>339</strong></span> 
     </span>
     <span class='ocr_line' id='line_1_3' title="bbox 278 583 2420 664; baseline 0.002 -22"><span class='ocrx_word' id='word_1_4' title='bbox 278 585 501 642; x_wconf 78' lang='lat' dir='ltr'><strong>sactum</strong></span> <span class='ocrx_word' id='word_1_5' title='bbox 534 583 776 646; x_wconf 81' lang='lat' dir='ltr'><strong>uidetur</strong></span> <span class='ocrx_word' id='word_1_6' title='bbox 794 629 809 642; x_wconf 89' lang='lat'><em>.</em></span> <span class='ocrx_word' id='word_1_7' title='bbox 834 585 964 644; x_wconf 85' lang='lat' dir='ltr'><strong>Non</strong></span> <span class='ocrx_word' id='word_1_8' title='bbox 996 585 1177 664; x_wconf 80' lang='lat' dir='ltr'><strong>igitur</strong></span> <span class='ocrx_word' id='word_1_9' title='bbox 1205 594 1293 659; x_wconf 80' lang='lat' dir='ltr'><strong>(a)</strong></span> <span class='ocrx_word' id='word_1_10' title='bbox 1307 630 1326 657; x_wconf 92' lang='lat'><strong><em>,</em></strong></span> <span class='ocrx_word' id='word_1_11' title='bbox 1344 583 1535 664; x_wconf 89' lang='lat' dir='ltr'><strong>inquit</strong></span> <span class='ocrx_word' id='word_1_12' title='bbox 1552 628 1571 656; x_wconf 92' lang='lat'>‚</span> <span class='ocrx_word' id='word_1_13' title='bbox 1594 585 1673 644; x_wconf 88' lang='lat' dir='ltr'><strong>mi</strong></span> <span class='ocrx_word' id='word_1_14' title='bbox 1707 583 1998 644; x_wconf 81' lang='lat' dir='ltr'><strong>Fauorine</strong></span> <span class='ocrx_word' id='word_1_15' title='bbox 2017 627 2036 656; x_wconf 91' lang='lat'><strong>,</strong></span> <span class='ocrx_word' id='word_1_16' title='bbox 2055 583 2284 664; x_wconf 74' lang='lat' dir='ltr'><strong>species</strong></span> <span class='ocrx_word' id='word_1_17' title='bbox 2307 585 2420 646; x_wconf 80' lang='lat' dir='ltr'><strong>rufi</strong></span> 
     </span>
     <span class='ocr_line' id='line_1_4' title="bbox 282 682 2418 763; baseline 0 -22"><span class='ocrx_word' id='word_1_18' title='bbox 282 682 492 742; x_wconf 81' lang='lat' dir='ltr'><strong>coloris</strong></span> <span class='ocrx_word' id='word_1_19' title='bbox 508 683 711 762; x_wconf 83' lang='lat' dir='ltr'><strong>plnres</strong></span> <span class='ocrx_word' id='word_1_20' title='bbox 732 696 873 761; x_wconf 79' lang='lat' dir='ltr'><strong>aput</strong></span> <span class='ocrx_word' id='word_1_21' title='bbox 908 688 1197 755; x_wconf 79' lang='lat' dir='ltr'><strong>Graecos,</strong></span> <span class='ocrx_word' id='word_1_22' title='bbox 1219 705 1393 762; x_wconf 81' lang='lat' dir='ltr'><strong>quam</strong></span> <span class='ocrx_word' id='word_1_23' title='bbox 1427 698 1567 763; x_wconf 89' lang='lat' dir='ltr'><strong>aput</strong></span> <span class='ocrx_word' id='word_1_24' title='bbox 1601 706 1706 744; x_wconf 71' lang='lat' dir='ltr'><strong>nos</strong></span> <span class='ocrx_word' id='word_1_25' title='bbox 1737 684 2112 748; x_wconf 79' lang='lat' dir='ltr'><strong>nominantur</strong></span> <span class='ocrx_word' id='word_1_26' title='bbox 2131 729 2146 742; x_wconf 89' lang='lat'>.</span> <span class='ocrx_word' id='word_1_27' title='bbox 2195 687 2314 748; x_wconf 86' lang='lat' dir='ltr'><strong>Sed</strong></span> <span class='ocrx_word' id='word_1_28' title='bbox 2343 705 2418 742; x_wconf 89' lang='lat' dir='ltr'><strong>ne</strong></span> 
     </span>
     <span class='ocr_line' id='line_1_5' title="bbox 278 783 2422 866; baseline 0.003 -26"><span class='ocrx_word' id='word_1_29' title='bbox 278 784 493 840; x_wconf 85' lang='lat' dir='ltr'><strong>uiridis</strong></span> <span class='ocrx_word' id='word_1_30' title='bbox 526 783 767 862; x_wconf 88' lang='lat' dir='ltr'><strong>quidem</strong></span> <span class='ocrx_word' id='word_1_31' title='bbox 805 783 968 842; x_wconf 88' lang='lat' dir='ltr'><strong>color</strong></span> <span class='ocrx_word' id='word_1_32' title='bbox 998 786 1271 863; x_wconf 79' lang='lat' dir='ltr'><strong>pluribus</strong></span> <span class='ocrx_word' id='word_1_33' title='bbox 1292 787 1365 846; x_wconf 86' lang='lat' dir='ltr'><strong>ab</strong></span> <span class='ocrx_word' id='word_1_34' title='bbox 1400 787 1520 844; x_wconf 82' lang='lat' dir='ltr'><strong>illis</strong></span> <span class='ocrx_word' id='word_1_35' title='bbox 1538 829 1555 858; x_wconf 83' lang='lat'>,</span> <span class='ocrx_word' id='word_1_36' title='bbox 1580 807 1754 866; x_wconf 75' lang='lat' dir='ltr'><strong>quam</strong></span> <span class='ocrx_word' id='word_1_37' title='bbox 1771 788 1863 859; x_wconf 84' lang='lat' dir='ltr'><strong>(b)</strong></span> <span class='ocrx_word' id='word_1_38' title='bbox 1882 806 1915 841; x_wconf 82' lang='lat' dir='ltr'><strong>a</strong></span> <span class='ocrx_word' id='word_1_39' title='bbox 1933 787 2100 846; x_wconf 85' lang='lat' dir='ltr'><strong>nobis</strong></span> <span class='ocrx_word' id='word_1_40' title='bbox 2119 829 2136 856; x_wconf 88' lang='lat'><strong>,</strong></span> <span class='ocrx_word' id='word_1_41' title='bbox 2158 787 2422 846; x_wconf 79' lang='lat' dir='ltr'><strong>uocabu-</strong></span> 
     </span>
     <span class='ocr_line' id='line_1_6' title="bbox 282 879 2416 962; baseline 0.001 -24"><span class='ocrx_word' id='word_1_42' title='bbox 282 879 355 938; x_wconf 85' lang='lat' dir='ltr'><strong>lis</strong></span> <span class='ocrx_word' id='word_1_43' title='bbox 376 881 627 940; x_wconf 89' lang='lat' dir='ltr'><strong>dicitur.</strong></span> <span class='ocrx_word' id='word_1_44' title='bbox 676 883 877 962; x_wconf 83' lang='lat' dir='ltr'><strong>Neque</strong></span> <span class='ocrx_word' id='word_1_45' title='bbox 909 902 1028 940; x_wconf 88' lang='lat' dir='ltr'><strong>non</strong></span> <span class='ocrx_word' id='word_1_46' title='bbox 1059 885 1251 961; x_wconf 89' lang='lat' dir='ltr'><strong>potuit</strong></span> <span class='ocrx_word' id='word_1_47' title='bbox 1285 882 1569 960; x_wconf 75' lang='lat' dir='ltr'><strong>Uirgilius</strong></span> <span class='ocrx_word' id='word_1_48' title='bbox 1590 927 1609 954; x_wconf 91' lang='lat'><em>,</em></span> <span class='ocrx_word' id='word_1_49' title='bbox 1634 885 1886 942; x_wconf 87' lang='lat' dir='ltr'><strong>colorem</strong></span> <span class='ocrx_word' id='word_1_50' title='bbox 1919 883 2052 960; x_wconf 75' lang='lat' dir='ltr'><strong>equi</strong></span> <span class='ocrx_word' id='word_1_51' title='bbox 2087 881 2416 959; x_wconf 75' lang='lat' dir='ltr'><strong>significare</strong></span> 
     </span>
     <span class='ocr_line' id='line_1_7' title="bbox 282 978 2415 1058; baseline 0.003 -24"><span class='ocrx_word' id='word_1_52' title='bbox 282 978 536 1039; x_wconf 87' lang='lat' dir='ltr'><strong>uiridem</strong></span> <span class='ocrx_word' id='word_1_53' title='bbox 570 979 806 1053; x_wconf 79' lang='lat' dir='ltr'><strong>uolens,</strong></span> <span class='ocrx_word' id='word_1_54' title='bbox 863 979 1190 1040; x_wconf 82' lang='lat' dir='ltr'><strong>caeruleum</strong></span> <span class='ocrx_word' id='word_1_55' title='bbox 1246 981 1431 1056; x_wconf 84' lang='lat' dir='ltr'><strong>magis</strong></span> <span class='ocrx_word' id='word_1_56' title='bbox 1496 981 1693 1044; x_wconf 77' lang='lat' dir='ltr'><strong>dicere</strong></span> <span class='ocrx_word' id='word_1_57' title='bbox 1735 1001 1984 1058; x_wconf 87' lang='lat' dir='ltr'><strong>equum,</strong></span> <span class='ocrx_word' id='word_1_58' title='bbox 2029 1000 2203 1058; x_wconf 82' lang='lat' dir='ltr'><strong>quam</strong></span> <span class='ocrx_word' id='word_1_59' title='bbox 2237 978 2415 1058; x_wconf 83' lang='lat' dir='ltr'><strong>glau-</strong></span> 
     </span>
     <span class='ocr_line' id='line_1_8' title="bbox 282 1077 2404 1158; baseline -0.001 -24"><span class='ocrx_word' id='word_1_60' title='bbox 282 1097 445 1134; x_wconf 73' lang='lat' dir='ltr'><strong>cuma</strong></span> <span class='ocrx_word' id='word_1_61' title='bbox 493 1077 598 1134; x_wconf 79' lang='lat' dir='ltr'><strong>sed</strong></span> <span class='ocrx_word' id='word_1_62' title='bbox 632 1077 835 1135; x_wconf 88' lang='lat' dir='ltr'><strong>maluit</strong></span> <span class='ocrx_word' id='word_1_63' title='bbox 856 1079 1039 1138; x_wconf 90' lang='lat' dir='ltr'><strong>uerbo</strong></span> <span class='ocrx_word' id='word_1_64' title='bbox 1071 1080 1155 1137; x_wconf 90' lang='lat' dir='ltr'><strong>uti</strong></span> <span class='ocrx_word' id='word_1_65' title='bbox 1191 1080 1416 1138; x_wconf 87' lang='lat' dir='ltr'><strong>notiore</strong></span> <span class='ocrx_word' id='word_1_66' title='bbox 1448 1101 1657 1158; x_wconf 75' lang='lat' dir='ltr'><strong>graeco</strong></span> <span class='ocrx_word' id='word_1_67' title='bbox 1676 1124 1695 1151; x_wconf 93' lang='lat'>‚</span> <span class='ocrx_word' id='word_1_68' title='bbox 1743 1101 1918 1158; x_wconf 88' lang='lat' dir='ltr'><strong>quam</strong></span> <span class='ocrx_word' id='word_1_69' title='bbox 1952 1079 2223 1137; x_wconf 61' lang='lat' dir='ltr'><strong>inusitato</strong></span> <span class='ocrx_word' id='word_1_70' title='bbox 2259 1077 2404 1135; x_wconf 55' lang='lat' dir='ltr'><strong>lati*</strong></span> 
     </span>
     <span class='ocr_line' id='line_1_9' title="bbox 277 1174 2402 1252; baseline 0.004 -23"><span class='ocrx_word' id='word_1_71' title='bbox 277 1192 389 1232; x_wconf 87' lang='lat' dir='ltr'><strong>no.</strong></span> <span class='ocrx_word' id='word_1_72' title='bbox 426 1174 655 1233; x_wconf 80' lang='lat' dir='ltr'><strong>Nostris</strong></span> <span class='ocrx_word' id='word_1_73' title='bbox 688 1187 879 1234; x_wconf 87' lang='lat' dir='ltr'><strong>autem</strong></span> <span class='ocrx_word' id='word_1_74' title='bbox 932 1175 1155 1236; x_wconf 84' lang='lat' dir='ltr'><strong>Latinis</strong></span> <span class='ocrx_word' id='word_1_75' title='bbox 1199 1177 1491 1236; x_wconf 82' lang='lat' dir='ltr'><strong>ueteribus</strong></span> <span class='ocrx_word' id='word_1_76' title='bbox 1559 1179 1746 1236; x_wconf 82' lang='lat' dir='ltr'><strong>caesia</strong></span> <span class='ocrx_word' id='word_1_77' title='bbox 1794 1178 1954 1237; x_wconf 80' lang='lat' dir='ltr'><strong>dicta</strong></span> <span class='ocrx_word' id='word_1_78' title='bbox 2023 1189 2148 1245; x_wconf 78' lang='lat' dir='ltr'><strong>est,</strong></span> <span class='ocrx_word' id='word_1_79' title='bbox 2192 1195 2338 1252; x_wconf 88' lang='lat' dir='ltr'><strong>quae</strong></span> <span class='ocrx_word' id='word_1_80' title='bbox 2366 1197 2402 1237; x_wconf 70' lang='grc' dir='ltr'>ι</span> 
     </span>
    </p>
   </div>
   <div class='ocr_carea' id='block_1_3' title="bbox 278 1271 2412 2844">
    <p class='ocr_par' dir='ltr' id='par_1_3' title="bbox 278 1271 2412 1755">
     <span class='ocr_line' id='line_1_10' title="bbox 281 1271 2410 1364; baseline 0.001 -24"><span class='ocrx_word' id='word_1_81' title='bbox 281 1284 523 1346; x_wconf 85' lang='lat' dir='ltr'><strong>Graecis</strong></span> <span class='ocrx_word' id='word_1_82' title='bbox 540 1271 947 1355; x_wconf 46' lang='lat' dir='ltr'><strong>praunawe,</strong></span> <span class='ocrx_word' id='word_1_83' title='bbox 968 1298 1030 1342; x_wconf 86' lang='lat' dir='ltr'><strong>ut</strong></span> <span class='ocrx_word' id='word_1_84' title='bbox 1050 1285 1419 1361; x_wconf 85' lang='lat' dir='ltr'><strong>Nigi(c)dius</strong></span> <span class='ocrx_word' id='word_1_85' title='bbox 1457 1284 1555 1354; x_wconf 82' lang='lat' dir='ltr'><strong>ait,</strong></span> <span class='ocrx_word' id='word_1_86' title='bbox 1578 1287 1653 1344; x_wconf 89' lang='lat' dir='ltr'><strong>de</strong></span> <span class='ocrx_word' id='word_1_87' title='bbox 1674 1285 1872 1344; x_wconf 84' lang='lat' dir='ltr'><strong>colore</strong></span> <span class='ocrx_word' id='word_1_88' title='bbox 1895 1285 2060 1356; x_wconf 87' lang='lat' dir='ltr'><strong>caeli,</strong></span> <span class='ocrx_word' id='word_1_89' title='bbox 2077 1286 2239 1364; x_wconf 82' lang='lat' dir='ltr'><strong>quasi</strong></span> <span class='ocrx_word' id='word_1_90' title='bbox 2275 1305 2410 1344; x_wconf 75' lang='lat' dir='ltr'><strong>cne-</strong></span> 
     </span>
     <span class='ocr_line' id='line_1_11' title="bbox 278 1379 2410 1457; baseline 0.002 -17"><span class='ocrx_word' id='word_1_91' title='bbox 278 1379 357 1440; x_wconf 78' lang='lat' dir='ltr'><strong>tia</strong></span> <span class='ocrx_word' id='word_1_92' title='bbox 376 1421 393 1436; x_wconf 93' lang='lat'><strong>.</strong></span> <span class='ocrx_word' id='word_1_93' title='bbox 414 1385 726 1457; x_wconf 80' lang='lat' dir='ltr'><strong>Postquam</strong></span> <span class='ocrx_word' id='word_1_94' title='bbox 756 1379 904 1438; x_wconf 85' lang='lat' dir='ltr'><strong>haec</strong></span> <span class='ocrx_word' id='word_1_95' title='bbox 936 1383 1153 1440; x_wconf 84' lang='lat' dir='ltr'><strong>Fronto</strong></span> <span class='ocrx_word' id='word_1_96' title='bbox 1174 1382 1355 1451; x_wconf 85' lang='lat' dir='ltr'><strong>dixit,</strong></span> <span class='ocrx_word' id='word_1_97' title='bbox 1376 1395 1500 1444; x_wconf 83' lang='lat' dir='ltr'><strong>tum</strong></span> <span class='ocrx_word' id='word_1_98' title='bbox 1532 1384 1854 1442; x_wconf 79' lang='lat' dir='ltr'><strong>Fauorinus</strong></span> <span class='ocrx_word' id='word_1_99' title='bbox 1871 1383 2170 1446; x_wconf 80' lang='lat' dir='ltr'><strong>scientiam</strong></span> <span class='ocrx_word' id='word_1_100' title='bbox 2193 1386 2410 1444; x_wconf 79' lang='lat' dir='ltr'><strong>&#39;rerum</strong></span> 
     </span>
     <span class='ocr_line' id='line_1_12' title="bbox 282 1479 2407 1556; baseline 0 -18"><span class='ocrx_word' id='word_1_101' title='bbox 282 1479 557 1548; x_wconf 87' lang='lat' dir='ltr'><strong>uberem,</strong></span> <span class='ocrx_word' id='word_1_102' title='bbox 596 1479 1021 1556; x_wconf 85' lang='lat' dir='ltr'><strong>uerborumque</strong></span> <span class='ocrx_word' id='word_1_103' title='bbox 1056 1479 1179 1537; x_wconf 77' lang='lat' dir='ltr'><strong>eius</strong></span> <span class='ocrx_word' id='word_1_104' title='bbox 1228 1479 1578 1556; x_wconf 78' lang='lat' dir='ltr'><strong>elegantiam</strong></span> <span class='ocrx_word' id='word_1_105' title='bbox 1620 1480 2014 1540; x_wconf 80' lang='lat' dir='ltr'><strong>exosculatus:</strong></span> <span class='ocrx_word' id='word_1_106' title='bbox 2059 1480 2276 1556; x_wconf 80' lang='lat' dir='ltr'><strong>absque</strong></span> <span class='ocrx_word' id='word_1_107' title='bbox 2312 1493 2407 1548; x_wconf 84' lang='lat' dir='ltr'><strong>te,</strong></span> 
     </span>
     <span class='ocr_line' id='line_1_13' title="bbox 280 1576 2412 1657; baseline 0.002 -23"><span class='ocrx_word' id='word_1_108' title='bbox 280 1576 507 1655; x_wconf 86' lang='lat' dir='ltr'><strong>inquit,</strong></span> <span class='ocrx_word' id='word_1_109' title='bbox 554 1597 669 1634; x_wconf 89' lang='lat' dir='ltr'><strong>uno</strong></span> <span class='ocrx_word' id='word_1_110' title='bbox 702 1577 941 1636; x_wconf 82' lang='lat' dir='ltr'><strong>forsitan</strong></span> <span class='ocrx_word' id='word_1_111' title='bbox 975 1578 1175 1654; x_wconf 81' lang='lat' dir='ltr'><strong>lingua</strong></span> <span class='ocrx_word' id='word_1_112' title='bbox 1208 1579 1471 1656; x_wconf 81' lang='lat' dir='ltr'><strong>profecto</strong></span> <span class='ocrx_word' id='word_1_113' title='bbox 1504 1600 1711 1656; x_wconf 78' lang='lat' dir='ltr'><strong>graece</strong></span> <span class='ocrx_word' id='word_1_114' title='bbox 1751 1579 1930 1657; x_wconf 79' lang='lat' dir='ltr'><strong>longe</strong></span> <span class='ocrx_word' id='word_1_115' title='bbox 1959 1580 2270 1640; x_wconf 81' lang='lat' dir='ltr'><strong>anteisset.-</strong></span> <span class='ocrx_word' id='word_1_116' title='bbox 2303 1580 2412 1638; x_wconf 78' lang='lat' dir='ltr'><strong>sed</strong></span> 
     </span>
     <span class='ocr_line' id='line_1_14' title="bbox 282 1677 2144 1755; baseline 0.003 -23"><span class='ocrx_word' id='word_1_117' title='bbox 282 1687 383 1747; x_wconf 85' lang='lat' dir='ltr'><strong>tu,</strong></span> <span class='ocrx_word' id='word_1_118' title='bbox 424 1677 504 1734; x_wconf 84' lang='lat' dir='ltr'><strong>mi</strong></span> <span class='ocrx_word' id='word_1_119' title='bbox 538 1679 759 1736; x_wconf 85' lang='lat' dir='ltr'><strong>Fronto</strong></span> <span class='ocrx_word' id='word_1_120' title='bbox 780 1719 799 1746; x_wconf 90' lang='lat'><em>,</em></span> <span class='ocrx_word' id='word_1_121' title='bbox 843 1677 1005 1755; x_wconf 84' lang='lat' dir='ltr'><strong>quod</strong></span> <span class='ocrx_word' id='word_1_122' title='bbox 1038 1678 1099 1736; x_wconf 84' lang='lat' dir='ltr'><strong>in</strong></span> <span class='ocrx_word' id='word_1_123' title='bbox 1132 1698 1304 1736; x_wconf 87' lang='lat' dir='ltr'><strong>uersu</strong></span> <span class='ocrx_word' id='word_1_124' title='bbox 1353 1679 1652 1738; x_wconf 85' lang='lat' dir='ltr'><strong>homerico</strong></span> <span class='ocrx_word' id='word_1_125' title='bbox 1694 1691 1818 1751; x_wconf 82' lang='lat' dir='ltr'><strong>est,</strong></span> <span class='ocrx_word' id='word_1_126' title='bbox 1863 1680 1931 1740; x_wconf 88' lang='lat' dir='ltr'><strong>id</strong></span> <span class='ocrx_word' id='word_1_127' title='bbox 1963 1679 2108 1746; x_wconf 68' lang='lat' dir='ltr'><strong>sacis</strong></span> <span class='ocrx_word' id='word_1_128' title='bbox 2128 1706 2144 1738; x_wconf 72' lang='grc' dir='ltr'><em>ε</em></span> 
     </span>
    </p>

    <p class='ocr_par' dir='ltr' id='par_1_4' title="bbox 278 1766 2408 2251">
     <span class='ocr_line' id='line_1_15' title="bbox 432 1766 1868 1867; baseline 0.003 -27"><span class='ocrx_word' id='word_1_129' title='bbox 432 1766 543 1858; x_wconf 66' lang='lat' dir='ltr'><strong>Kal</strong></span> <span class='ocrx_word' id='word_1_130' title='bbox 583 1773 749 1842; x_wconf 68' lang='grc' dir='ltr'><strong><em>νίκην</em></strong></span> <span class='ocrx_word' id='word_1_131' title='bbox 790 1773 900 1841; x_wconf 69' lang='lat' dir='ltr'><strong>c&#39;v&#39;</strong></span> <span class='ocrx_word' id='word_1_132' title='bbox 941 1771 1127 1864; x_wconf 61' lang='grc' dir='ltr'><strong>ἆραι-ξδ’</strong></span> <span class='ocrx_word' id='word_1_133' title='bbox 1159 1771 1535 1867; x_wconf 70' lang='grc' dir='ltr'><strong><em>οἱμφιῖριστον</em></strong></span> <span class='ocrx_word' id='word_1_134' title='bbox 1569 1777 1811 1852; x_wconf 68' lang='grc' dir='ltr'><strong>ἔθηκας</strong></span> <span class='ocrx_word' id='word_1_135' title='bbox 1851 1806 1868 1822; x_wconf 86' lang='grc'><em>·</em></span> 
     </span>
     <span class='ocr_line' id='line_1_16' title="bbox 280 1882 2408 1963; baseline -0.001 -21"><span class='ocrx_word' id='word_1_136' title='bbox 280 1882 396 1942; x_wconf 88' lang='lat' dir='ltr'><strong>Sed</strong></span> <span class='ocrx_word' id='word_1_137' title='bbox 441 1903 571 1940; x_wconf 89' lang='lat' dir='ltr'><strong>cum</strong></span> <span class='ocrx_word' id='word_1_138' title='bbox 630 1883 822 1941; x_wconf 81' lang='lat' dir='ltr'><strong>omnia</strong></span> <span class='ocrx_word' id='word_1_139' title='bbox 872 1882 1065 1942; x_wconf 74' lang='lat' dir='ltr'><strong>libens</strong></span> <span class='ocrx_word' id='word_1_140' title='bbox 1114 1883 1350 1954; x_wconf 85' lang='lat' dir='ltr'><strong>audiui,</strong></span> <span class='ocrx_word' id='word_1_141' title='bbox 1394 1904 1540 1961; x_wconf 86' lang='lat' dir='ltr'><strong>quae</strong></span> <span class='ocrx_word' id='word_1_142' title='bbox 1590 1885 1942 1963; x_wconf 81' lang='lat' dir='ltr'><strong>peritissime</strong></span> <span class='ocrx_word' id='word_1_143' title='bbox 2008 1882 2248 1951; x_wconf 75' lang='lat' dir='ltr'><strong>dixisti,</strong></span> <span class='ocrx_word' id='word_1_144' title='bbox 2281 1893 2408 1940; x_wconf 87' lang='lat' dir='ltr'><strong>tum</strong></span> 
     </span>
     <span class='ocr_line' id='line_1_17' title="bbox 278 1979 2403 2058; baseline 0 -21"><span class='ocrx_word' id='word_1_145' title='bbox 278 1979 525 2038; x_wconf 79' lang='lat' dir='ltr'><strong>maxime</strong></span> <span class='ocrx_word' id='word_1_146' title='bbox 584 1982 745 2056; x_wconf 87' lang='lat' dir='ltr'><strong>quod</strong></span> <span class='ocrx_word' id='word_1_147' title='bbox 794 1981 1133 2040; x_wconf 82' lang='lat' dir='ltr'><strong>uarietatem</strong></span> <span class='ocrx_word' id='word_1_148' title='bbox 1197 1983 1329 2038; x_wconf 84' lang='lat' dir='ltr'><strong>flaui</strong></span> <span class='ocrx_word' id='word_1_149' title='bbox 1384 1983 1594 2042; x_wconf 80' lang='lat' dir='ltr'><strong>coloris</strong></span> <span class='ocrx_word' id='word_1_150' title='bbox 1628 1983 1917 2040; x_wconf 82' lang='lat' dir='ltr'><strong>-enarrasti</strong></span> <span class='ocrx_word' id='word_1_151' title='bbox 1940 2025 1958 2052; x_wconf 90' lang='lat'>‚</span> <span class='ocrx_word' id='word_1_152' title='bbox 1995 1983 2302 2058; x_wconf 68' lang='lat' dir='ltr'><strong>fecistique</strong></span> <span class='ocrx_word' id='word_1_153' title='bbox 2335 1993 2403 2040; x_wconf 82' lang='lat' dir='ltr'><strong>ut</strong></span> 
     </span>
     <span class='ocr_line' id='line_1_18' title="bbox 278 2074 2400 2159; baseline 0.002 -29"><span class='ocrx_word' id='word_1_154' title='bbox 278 2074 673 2152; x_wconf 82' lang='lat' dir='ltr'><strong>intelligerem</strong></span> <span class='ocrx_word' id='word_1_155' title='bbox 706 2077 884 2134; x_wconf 87' lang='lat' dir='ltr'><strong>uerba</strong></span> <span class='ocrx_word' id='word_1_156' title='bbox 918 2076 1023 2133; x_wconf 80' lang='lat' dir='ltr'><strong>illa</strong></span> <span class='ocrx_word' id='word_1_157' title='bbox 1074 2097 1142 2134; x_wconf 80' lang='lat' dir='ltr'><strong>ex</strong></span> <span class='ocrx_word' id='word_1_158' title='bbox 1174 2079 1367 2136; x_wconf 82' lang='lat' dir='ltr'><strong>annali</strong></span> <span class='ocrx_word' id='word_1_159' title='bbox 1419 2080 1856 2159; x_wconf 80' lang='lat' dir='ltr'><strong>quartodecimo</strong></span> <span class='ocrx_word' id='word_1_160' title='bbox 1890 2080 2064 2143; x_wconf 76' lang='lat' dir='ltr'><strong>Ennii</strong></span> <span class='ocrx_word' id='word_1_161' title='bbox 2109 2077 2400 2138; x_wconf 62' lang='lat' dir='ltr'><strong>amoenis-n</strong></span> 
     </span>
     <span class='ocr_line' id='line_1_19' title="bbox 283 2172 1417 2251; baseline -0.001 -20"><span class='ocrx_word' id='word_1_162' title='bbox 283 2175 469 2244; x_wconf 80' lang='lat' dir='ltr'><strong>sima,</strong></span> <span class='ocrx_word' id='word_1_163' title='bbox 516 2194 663 2251; x_wconf 82' lang='lat' dir='ltr'><strong>quae</strong></span> <span class='ocrx_word' id='word_1_164' title='bbox 709 2174 949 2232; x_wconf 88' lang='lat' dir='ltr'><strong>minime</strong></span> <span class='ocrx_word' id='word_1_165' title='bbox 982 2172 1417 2250; x_wconf 81' lang='lat' dir='ltr'><strong>intelligebam:</strong></span> 
     </span>
    </p>

    <p class='ocr_par' dir='ltr' id='par_1_5' title="bbox 454 2277 2072 2352">
     <span class='ocr_line' id='line_1_20' title="bbox 454 2277 2072 2352; baseline 0.001 -19"><span class='ocrx_word' id='word_1_166' title='bbox 454 2279 712 2333; x_wconf 75' lang='lat' dir='ltr'><strong>Uer-runt</strong></span> <span class='ocrx_word' id='word_1_167' title='bbox 742 2277 1031 2352; x_wconf 74' lang='lat' dir='ltr'><strong>extemplo</strong></span> <span class='ocrx_word' id='word_1_168' title='bbox 1067 2277 1307 2352; x_wconf 78' lang='lat' dir='ltr'><strong>placide</strong></span> <span class='ocrx_word' id='word_1_169' title='bbox 1339 2296 1503 2334; x_wconf 79' lang='lat' dir='ltr'><strong>mare</strong></span> <span class='ocrx_word' id='word_1_170' title='bbox 1546 2297 1838 2335; x_wconf 77' lang='lat' dir='ltr'><strong>marmore</strong></span> <span class='ocrx_word' id='word_1_171' title='bbox 1855 2277 2034 2351; x_wconf 78' lang='lat' dir='ltr'><strong>flauo</strong></span> <span class='ocrx_word' id='word_1_172' title='bbox 2051 2318 2072 2345; x_wconf 86' lang='lat'><strong>,</strong></span> 
     </span>
    </p>

    <p class='ocr_par' dir='ltr' id='par_1_6' title="bbox 278 2360 2406 2844">
     <span class='ocr_line' id='line_1_21' title="bbox 450 2360 2068 2451; baseline -0.001 -21"><span class='ocrx_word' id='word_1_173' title='bbox 450 2376 801 2431; x_wconf 71' lang='lat' dir='ltr'><strong>eoa-ulenm</strong></span> <span class='ocrx_word' id='word_1_174' title='bbox 849 2385 1084 2451; x_wconf 75' lang='lat' dir='ltr'><strong>spumat</strong></span> <span class='ocrx_word' id='word_1_175' title='bbox 1122 2393 1283 2432; x_wconf 73' lang='lat' dir='ltr'><strong>mare</strong></span> <span class='ocrx_word' id='word_1_176' title='bbox 1321 2377 1581 2451; x_wconf 50' lang='lat' dir='ltr'><strong>conferta</strong></span> <span class='ocrx_word' id='word_1_177' title='bbox 1622 2385 1754 2432; x_wconf 76' lang='lat' dir='ltr'><strong>rate</strong></span> <span class='ocrx_word' id='word_1_178' title='bbox 1791 2360 2034 2450; x_wconf 63' lang='lat' dir='ltr'><strong>pul-min</strong></span> <span class='ocrx_word' id='word_1_179' title='bbox 2054 2415 2068 2428; x_wconf 89' lang='lat'>.</span> 
     </span>
     <span class='ocr_line' id='line_1_22' title="bbox 280 2468 2400 2532; baseline 0.004 -9"><span class='ocrx_word' id='word_1_180' title='bbox 280 2485 398 2524; x_wconf 84' lang='lat' dir='ltr'><strong>non</strong></span> <span class='ocrx_word' id='word_1_181' title='bbox 462 2468 615 2527; x_wconf 80' lang='lat' dir='ltr'><strong>enirn</strong></span> <span class='ocrx_word' id='word_1_182' title='bbox 680 2470 995 2529; x_wconf 83' lang='lat' dir='ltr'><strong>uidebatur</strong></span> <span class='ocrx_word' id='word_1_183' title='bbox 1055 2469 1385 2529; x_wconf 79' lang='lat' dir='ltr'><strong>caeruleum</strong></span> <span class='ocrx_word' id='word_1_184' title='bbox 1466 2491 1625 2528; x_wconf 81' lang='lat' dir='ltr'><strong>mare</strong></span> <span class='ocrx_word' id='word_1_185' title='bbox 1682 2491 1812 2529; x_wconf 88' lang='lat' dir='ltr'><strong>cum</strong></span> <span class='ocrx_word' id='word_1_186' title='bbox 1877 2489 2168 2528; x_wconf 75' lang='lat' dir='ltr'><strong>marmore</strong></span> <span class='ocrx_word' id='word_1_187' title='bbox 2247 2469 2400 2532; x_wconf 73' lang='lat' dir='ltr'><strong>flauo</strong></span> 
     </span>
     <span class='ocr_line' id='line_1_23' title="bbox 282 2566 2403 2640; baseline 0 -16"><span class='ocrx_word' id='word_1_188' title='bbox 282 2566 627 2627; x_wconf 86' lang='lat' dir='ltr'><strong>conuenire.</strong></span> <span class='ocrx_word' id='word_1_189' title='bbox 672 2570 791 2627; x_wconf 87' lang='lat' dir='ltr'><strong>Sed</strong></span> <span class='ocrx_word' id='word_1_190' title='bbox 842 2589 971 2626; x_wconf 89' lang='lat' dir='ltr'><strong>cum</strong></span> <span class='ocrx_word' id='word_1_191' title='bbox 1024 2570 1097 2626; x_wconf 82' lang='lat' dir='ltr'><strong>sit</strong></span> <span class='ocrx_word' id='word_1_192' title='bbox 1148 2568 1228 2628; x_wconf 87' lang='lat' dir='ltr'><strong>ita</strong></span> <span class='ocrx_word' id='word_1_193' title='bbox 1264 2582 1326 2628; x_wconf 89' lang='lat' dir='ltr'><strong>ut</strong></span> <span class='ocrx_word' id='word_1_194' title='bbox 1379 2570 1613 2640; x_wconf 83' lang='lat' dir='ltr'><strong>dixisti,</strong></span> <span class='ocrx_word' id='word_1_195' title='bbox 1664 2571 1846 2626; x_wconf 78' lang='lat' dir='ltr'><strong>{lanus</strong></span> <span class='ocrx_word' id='word_1_196' title='bbox 1899 2566 2061 2626; x_wconf 88' lang='lat' dir='ltr'><strong>color</strong></span> <span class='ocrx_word' id='word_1_197' title='bbox 2111 2568 2292 2628; x_wconf 89' lang='lat' dir='ltr'><strong>uiridi</strong></span> <span class='ocrx_word' id='word_1_198' title='bbox 2343 2579 2403 2626; x_wconf 89' lang='lat' dir='ltr'><strong>et</strong></span> 
     </span>
     <span class='ocr_line' id='line_1_24' title="bbox 278 2663 2406 2747; baseline 0.001 -27"><span class='ocrx_word' id='word_1_199' title='bbox 278 2663 419 2723; x_wconf 76' lang='lat' dir='ltr'><strong>albo</strong></span> <span class='ocrx_word' id='word_1_200' title='bbox 456 2666 705 2736; x_wconf 81' lang='lat' dir='ltr'><strong>mixtus,</strong></span> <span class='ocrx_word' id='word_1_201' title='bbox 747 2667 1141 2745; x_wconf 81' lang='lat' dir='ltr'><strong>pulcherrime</strong></span> <span class='ocrx_word' id='word_1_202' title='bbox 1164 2687 1400 2746; x_wconf 76' lang='lat' dir='ltr'><strong>prorsus</strong></span> <span class='ocrx_word' id='word_1_203' title='bbox 1432 2665 1946 2747; x_wconf 60' lang='lat' dir='ltr'><strong>spuma-&#39;uirentis</strong></span> <span class='ocrx_word' id='word_1_204' title='bbox 1977 2667 2156 2724; x_wconf 77' lang='lat' dir='ltr'><strong>maris</strong></span> <span class='ocrx_word' id='word_1_205' title='bbox 2189 2667 2406 2726; x_wconf 77' lang='lat' dir='ltr'><strong>flauum</strong></span> 
     </span>
     <span class='ocr_line' id='line_1_25' title="bbox 280 2766 920 2844; baseline 0.002 -22"><span class='ocrx_word' id='word_1_206' title='bbox 280 2781 533 2825; x_wconf 77' lang='lat' dir='ltr'><strong>marmor</strong></span> <span class='ocrx_word' id='word_1_207' title='bbox 566 2766 920 2844; x_wconf 79' lang='lat' dir='ltr'><strong>appellauit.</strong></span> 
     </span>
    </p>
   </div>
   <div class='ocr_carea' id='block_1_4' title="bbox 283 2959 2408 3140">
    <p class='ocr_par' dir='ltr' id='par_1_7' title="bbox 283 2959 2408 3140">
     <span class='ocr_line' id='line_1_26' title="bbox 283 2959 2408 3039; baseline -0.001 -21"><span class='ocrx_word' id='word_1_208' title='bbox 283 2962 461 3038; x_wconf 73' lang='lat' dir='ltr'><strong>Quod</strong></span> <span class='ocrx_word' id='word_1_209' title='bbox 494 2969 591 3035; x_wconf 88' lang='lat'><strong>(1)</strong></span> <span class='ocrx_word' id='word_1_210' title='bbox 636 2965 1081 3039; x_wconf 71' lang='lat' dir='ltr'><strong>Quadrigarius</strong></span> <span class='ocrx_word' id='word_1_211' title='bbox 1104 3005 1125 3035; x_wconf 88' lang='lat'>,</span> <span class='ocrx_word' id='word_1_212' title='bbox 1170 2980 1297 3022; x_wconf 87' lang='lat' dir='ltr'><strong>cum</strong></span> <span class='ocrx_word' id='word_1_213' title='bbox 1331 2959 1529 3020; x_wconf 84' lang='lat' dir='ltr'><strong>multis</strong></span> <span class='ocrx_word' id='word_1_214' title='bbox 1564 2959 1910 3020; x_wconf 78' lang='lat' dir='ltr'><strong>mortalibus</strong></span> <span class='ocrx_word' id='word_1_215' title='bbox 1940 2961 2106 3019; x_wconf 72' lang='lat' dir='ltr'><strong>dixit</strong></span> <span class='ocrx_word' id='word_1_216' title='bbox 2122 2986 2141 3030; x_wconf 80' lang='lat'>3</span> <span class='ocrx_word' id='word_1_217' title='bbox 2194 2980 2275 3019; x_wconf 75' lang='lat' dir='ltr'><strong>an</strong></span> <span class='ocrx_word' id='word_1_218' title='bbox 2305 2960 2408 3033; x_wconf 85' lang='lat' dir='ltr'><strong>(d)</strong></span> 
     </span>
     <span class='ocr_line' id='line_1_27' title="bbox 360 3054 2397 3140; baseline -0.002 -24"><span class='ocrx_word' id='word_1_219' title='bbox 360 3061 513 3138; x_wconf 76' lang='lat' dir='ltr'><strong>quid</strong></span> <span class='ocrx_word' id='word_1_220' title='bbox 542 3071 599 3119; x_wconf 78' lang='lat' dir='ltr'><strong>ct</strong></span> <span class='ocrx_word' id='word_1_221' title='bbox 616 3072 901 3140; x_wconf 76' lang='lat' dir='ltr'><strong>quantum</strong></span> <span class='ocrx_word' id='word_1_222' title='bbox 924 3061 1277 3138; x_wconf 61' lang='lat' dir='ltr'><strong>dffl&#39;mct-si</strong></span> <span class='ocrx_word' id='word_1_223' title='bbox 1292 3061 1553 3118; x_wconf 70' lang='lat' dir='ltr'><strong>dia-isset</strong></span> <span class='ocrx_word' id='word_1_224' title='bbox 1568 3099 1590 3127; x_wconf 80' lang='lat'>‚</span> <span class='ocrx_word' id='word_1_225' title='bbox 1634 3076 1766 3116; x_wconf 87' lang='lat' dir='ltr'><strong>cum</strong></span> <span class='ocrx_word' id='word_1_226' title='bbox 1797 3055 1996 3114; x_wconf 76' lang='lat' dir='ltr'><strong>multis</strong></span> <span class='ocrx_word' id='word_1_227' title='bbox 2026 3054 2360 3114; x_wconf 77' lang='lat' dir='ltr'><strong>hominibus</strong></span> <span class='ocrx_word' id='word_1_228' title='bbox 2382 3095 2397 3110; x_wconf 89' lang='lat'><strong>.</strong></span> 
     </span>
    </p>
   </div>
   <div class='ocr_carea' id='block_1_5' title="bbox 294 3187 2410 3427">
    <p class='ocr_par' dir='ltr' id='par_1_8' title="bbox 294 3187 2410 3427">
     <span class='ocr_line' id='line_1_28' title="bbox 372 3187 2405 3328; baseline -0.006 -15"><span class='ocrx_word' id='word_1_229' title='bbox 372 3187 655 3313; x_wconf 65' lang='lat' dir='ltr'><strong>Vnae</strong></span> <span class='ocrx_word' id='word_1_230' title='bbox 688 3264 821 3312; x_wconf 82' lang='lat' dir='ltr'><strong>sunt</strong></span> <span class='ocrx_word' id='word_1_231' title='bbox 853 3252 1067 3313; x_wconf 84' lang='lat' dir='ltr'><strong>Claudi</strong></span> <span class='ocrx_word' id='word_1_232' title='bbox 1116 3251 1191 3325; x_wconf 81' lang='lat' dir='ltr'><strong>(f</strong></span> <span class='ocrx_word' id='word_1_233' title='bbox 1203 3260 1229 3325; x_wconf 88' lang='lat'>)</span> <span class='ocrx_word' id='word_1_234' title='bbox 1254 3248 1631 3328; x_wconf 72' lang='lat' dir='ltr'><strong>Quadrigarii</strong></span> <span class='ocrx_word' id='word_1_235' title='bbox 1666 3268 1736 3306; x_wconf 85' lang='lat' dir='ltr'><strong>ex</strong></span> <span class='ocrx_word' id='word_1_236' title='bbox 1779 3245 2068 3304; x_wconf 80' lang='lat' dir='ltr'><strong>annalium</strong></span> <span class='ocrx_word' id='word_1_237' title='bbox 2103 3245 2230 3304; x_wconf 74' lang='lat' dir='ltr'><strong>ciue</strong></span> <span class='ocrx_word' id='word_1_238' title='bbox 2246 3267 2366 3304; x_wconf 76' lang='lat'>1111</span> <span class='ocrx_word' id='word_1_239' title='bbox 2387 3268 2405 3301; x_wconf 70' lang='grc' dir='ltr'><strong>ε</strong></span> 
     </span>
     <span class='ocr_line' id='line_1_29' title="bbox 294 3347 2410 3427; baseline -0.005 -13"><span class='ocrx_word' id='word_1_240' title='bbox 294 3358 581 3414; x_wconf 74' lang='lat' dir='ltr'><strong>Contione</strong></span> <span class='ocrx_word' id='word_1_241' title='bbox 618 3352 871 3412; x_wconf 78' lang='lat' dir='ltr'><strong>dimissa</strong></span> <span class='ocrx_word' id='word_1_242' title='bbox 890 3392 910 3420; x_wconf 89' lang='lat'><strong>,</strong></span> <span class='ocrx_word' id='word_1_243' title='bbox 950 3355 1231 3411; x_wconf 73' lang='lat' dir='ltr'><strong>Metellus</strong></span> <span class='ocrx_word' id='word_1_244' title='bbox 1258 3358 1325 3408; x_wconf 76' lang='lat' dir='ltr'><strong>in</strong></span> <span class='ocrx_word' id='word_1_245' title='bbox 1362 3350 1724 3427; x_wconf 78' lang='lat' dir='ltr'><strong>Capitolium</strong></span> <span class='ocrx_word' id='word_1_246' title='bbox 1768 3349 1931 3404; x_wconf 78' lang='lat' dir='ltr'><strong>uenit</strong></span> <span class='ocrx_word' id='word_1_247' title='bbox 1970 3363 2101 3402; x_wconf 75' lang='lat' dir='ltr'><strong>cum</strong></span> <span class='ocrx_word' id='word_1_248' title='bbox 2131 3347 2410 3404; x_wconf 69' lang='lat' dir='ltr'><strong>mortale·-</strong></span> 
     </span>
    </p>
   </div>
   <div class='ocr_carea' id='block_1_6' title="bbox 274 3481 2422 3712">
    <p class='ocr_par' dir='ltr' id='par_1_9' title="bbox 274 3481 2422 3712">
     <span class='ocr_line' id='line_1_30' title="bbox 342 3481 2422 3567; baseline -0.004 -21"><span class='ocrx_word' id='word_1_249' title='bbox 342 3515 379 3546; x_wconf 75' lang='grc' dir='ltr'>α</span> <span class='ocrx_word' id='word_1_250' title='bbox 415 3481 559 3547; x_wconf 67' lang='lat' dir='ltr'><strong>13de</strong></span> <span class='ocrx_word' id='word_1_251' title='bbox 585 3513 707 3567; x_wconf 82' lang='lat' dir='ltr'><strong>ergo</strong></span> <span class='ocrx_word' id='word_1_252' title='bbox 734 3533 749 3548; x_wconf 86' lang='lat'><strong>.</strong></span> <span class='ocrx_word' id='word_1_253' title='bbox 820 3495 851 3547; x_wconf 76' lang='lat' dir='ltr'><strong>b</strong></span> <span class='ocrx_word' id='word_1_254' title='bbox 888 3497 950 3547; x_wconf 87' lang='lat' dir='ltr'><strong>In</strong></span> <span class='ocrx_word' id='word_1_255' title='bbox 986 3495 1099 3546; x_wconf 89' lang='lat' dir='ltr'><strong>cod.</strong></span> <span class='ocrx_word' id='word_1_256' title='bbox 1145 3495 1245 3565; x_wconf 76' lang='lat' dir='ltr'><strong>pal.</strong></span> <span class='ocrx_word' id='word_1_257' title='bbox 1287 3494 1462 3548; x_wconf 71' lang='lat' dir='ltr'><strong>denunt</strong></span> <span class='ocrx_word' id='word_1_258' title='bbox 1523 3491 1676 3544; x_wconf 76' lang='lat' dir='ltr'><strong>uerba</strong></span> <span class='ocrx_word' id='word_1_259' title='bbox 1727 3489 1794 3540; x_wconf 76' lang='lat' dir='ltr'><strong>ab</strong></span> <span class='ocrx_word' id='word_1_260' title='bbox 1827 3487 1924 3540; x_wconf 67' lang='lat' dir='ltr'><strong>illis</strong></span> <span class='ocrx_word' id='word_1_261' title='bbox 1969 3505 2122 3557; x_wconf 77' lang='lat' dir='ltr'><strong>quom</strong></span> <span class='ocrx_word' id='word_1_262' title='bbox 2148 3525 2164 3540; x_wconf 83' lang='grc'><strong>.</strong></span> <span class='ocrx_word' id='word_1_263' title='bbox 2233 3505 2263 3537; x_wconf 86' lang='lat' dir='ltr'><strong>c</strong></span> <span class='ocrx_word' id='word_1_264' title='bbox 2299 3487 2422 3538; x_wconf 79' lang='lat' dir='ltr'><strong>Heio</strong></span> 
     </span>
     <span class='ocr_line' id='line_1_31' title="bbox 274 3559 2422 3640; baseline -0.001 -24"><span class='ocrx_word' id='word_1_265' title='bbox 274 3568 455 3620; x_wconf 68' lang='lat' dir='ltr'><strong>desinit</strong></span> <span class='ocrx_word' id='word_1_266' title='bbox 481 3567 811 3640; x_wconf 72' lang='lat' dir='ltr'><strong>fragmentum</strong></span> <span class='ocrx_word' id='word_1_267' title='bbox 848 3569 1116 3636; x_wconf 76' lang='lat' dir='ltr'><strong>Palatinum</strong></span> <span class='ocrx_word' id='word_1_268' title='bbox 1142 3601 1159 3616; x_wconf 80' lang='grc'><strong>.</strong></span> <span class='ocrx_word' id='word_1_269' title='bbox 1224 3567 1263 3618; x_wconf 72' lang='lat' dir='ltr'><strong>d</strong></span> <span class='ocrx_word' id='word_1_270' title='bbox 1296 3568 1443 3619; x_wconf 70' lang='lat' dir='ltr'><strong>Dee-t</strong></span> <span class='ocrx_word' id='word_1_271' title='bbox 1470 3583 1543 3616; x_wconf 79' lang='lat' dir='ltr'><strong>on</strong></span> <span class='ocrx_word' id='word_1_272' title='bbox 1574 3567 1628 3616; x_wconf 88' lang='lat' dir='ltr'><strong>in</strong></span> <span class='ocrx_word' id='word_1_273' title='bbox 1662 3563 1776 3618; x_wconf 74' lang='lat' dir='ltr'><strong>edd..</strong></span> <span class='ocrx_word' id='word_1_274' title='bbox 1845 3579 1873 3611; x_wconf 84' lang='lat' dir='ltr'><strong>e</strong></span> <span class='ocrx_word' id='word_1_275' title='bbox 1906 3561 1968 3613; x_wconf 88' lang='lat' dir='ltr'><strong>In</strong></span> <span class='ocrx_word' id='word_1_276' title='bbox 2002 3559 2172 3614; x_wconf 77' lang='lat' dir='ltr'><strong>codice</strong></span> <span class='ocrx_word' id='word_1_277' title='bbox 2197 3574 2298 3614; x_wconf 70' lang='lat' dir='ltr'><strong>unt.</strong></span> <span class='ocrx_word' id='word_1_278' title='bbox 2323 3576 2422 3634; x_wconf 66' lang='lat' dir='ltr'><strong>xy-</strong></span> 
     </span>
     <span class='ocr_line' id='line_1_32' title="bbox 276 3635 1143 3712; baseline -0.013 -14"><span class='ocrx_word' id='word_1_279' title='bbox 276 3655 359 3704; x_wconf 69' lang='grc'><strong>34·</strong></span> <span class='ocrx_word' id='word_1_280' title='bbox 416 3635 471 3712; x_wconf 88' lang='lat' dir='ltr'><em>f</em></span> <span class='ocrx_word' id='word_1_281' title='bbox 488 3641 565 3692; x_wconf 74' lang='lat' dir='ltr'><strong>Ita</strong></span> <span class='ocrx_word' id='word_1_282' title='bbox 608 3641 719 3690; x_wconf 86' lang='lat' dir='ltr'><strong>cod.</strong></span> <span class='ocrx_word' id='word_1_283' title='bbox 763 3658 855 3709; x_wconf 84' lang='lat' dir='ltr'><strong>pro</strong></span> <span class='ocrx_word' id='word_1_284' title='bbox 897 3639 1103 3692; x_wconf 67' lang='lat' dir='ltr'><strong>claudit</strong></span> <span class='ocrx_word' id='word_1_285' title='bbox 1130 3673 1143 3687; x_wconf 93' lang='lat'><strong><em>.</em></strong></span> 
     </span>
    </p>
   </div>
   <div class='ocr_carea' id='block_1_7' title="bbox 263 3745 2422 4250">
    <p class='ocr_par' dir='ltr' id='par_1_10' title="bbox 263 3745 2422 4250">
     <span class='ocr_line' id='line_1_33' title="bbox 356 3745 2422 3833; baseline -0.004 -21"><span class='ocrx_word' id='word_1_286' title='bbox 356 3775 379 3812; x_wconf 80' lang='grc' dir='ltr'><em>ι</em></span> <span class='ocrx_word' id='word_1_287' title='bbox 429 3757 739 3833; x_wconf 79' lang='lat' dir='ltr'><strong>Sequentia</strong></span> <span class='ocrx_word' id='word_1_288' title='bbox 823 3757 1013 3833; x_wconf 68' lang='lat' dir='ltr'><strong>mpita</strong></span> <span class='ocrx_word' id='word_1_289' title='bbox 1081 3754 1295 3814; x_wconf 87' lang='lat' dir='ltr'><strong>contuli</strong></span> <span class='ocrx_word' id='word_1_290' title='bbox 1386 3755 1557 3814; x_wconf 83' lang='lat' dir='ltr'><strong>hrum</strong></span> <span class='ocrx_word' id='word_1_291' title='bbox 1602 3775 1798 3814; x_wconf 70' lang='lat' dir='ltr'><strong>xvim</strong></span> <span class='ocrx_word' id='word_1_292' title='bbox 1829 3795 1848 3824; x_wconf 85' lang='lat'><strong>,</strong></span> <span class='ocrx_word' id='word_1_293' title='bbox 1895 3761 1999 3808; x_wconf 85' lang='lat' dir='ltr'><strong>&#39;seu</strong></span> <span class='ocrx_word' id='word_1_294' title='bbox 2031 3770 2166 3808; x_wconf 83' lang='lat' dir='ltr'><strong>xxn</strong></span> <span class='ocrx_word' id='word_1_295' title='bbox 2219 3761 2284 3806; x_wconf 89' lang='lat' dir='ltr'><strong>ut</strong></span> <span class='ocrx_word' id='word_1_296' title='bbox 2337 3745 2422 3806; x_wconf 87' lang='lat' dir='ltr'><strong>ibi</strong></span> 
     </span>
     <span class='ocr_line' id='line_1_34' title="bbox 270 3831 2420 3915; baseline -0.005 -18"><span class='ocrx_word' id='word_1_297' title='bbox 270 3857 399 3896; x_wconf 87' lang='lat' dir='ltr'><strong>cum</strong></span> <span class='ocrx_word' id='word_1_298' title='bbox 430 3853 739 3915; x_wconf 67' lang='lat' dir='ltr'><strong>per-uetere</strong></span> <span class='ocrx_word' id='word_1_299' title='bbox 774 3841 973 3899; x_wconf 89' lang='lat' dir='ltr'><strong>codice</strong></span> <span class='ocrx_word' id='word_1_300' title='bbox 1008 3840 1299 3909; x_wconf 84' lang='lat' dir='ltr'><strong>uaticano,</strong></span> <span class='ocrx_word' id='word_1_301' title='bbox 1384 3838 1723 3902; x_wconf 74' lang='lat' dir='ltr'><strong>inscribitur</strong></span> <span class='ocrx_word' id='word_1_302' title='bbox 1755 3881 1768 3893; x_wconf 92' lang='lat'>.</span> <span class='ocrx_word' id='word_1_303' title='bbox 1817 3839 1886 3895; x_wconf 87' lang='lat' dir='ltr'><strong>ln</strong></span> <span class='ocrx_word' id='word_1_304' title='bbox 1937 3831 2420 3912; x_wconf 81' lang='lat' dir='ltr'><strong>inscriptionibus</strong></span> 
     </span>
     <span class='ocr_line' id='line_1_35' title="bbox 265 3915 2417 4002; baseline -0.003 -25"><span class='ocrx_word' id='word_1_305' title='bbox 265 3923 483 3981; x_wconf 71' lang='lat' dir='ltr'><strong>saeculi</strong></span> <span class='ocrx_word' id='word_1_306' title='bbox 536 3943 601 3980; x_wconf 80' lang='lat'><strong>11</strong></span> <span class='ocrx_word' id='word_1_307' title='bbox 636 3967 657 3995; x_wconf 90' lang='lat'>‚</span> <span class='ocrx_word' id='word_1_308' title='bbox 708 3923 989 4002; x_wconf 81' lang='lat' dir='ltr'><strong>acephalo</strong></span> <span class='ocrx_word' id='word_1_309' title='bbox 1029 3965 1048 3992; x_wconf 90' lang='lat'><em>,</em></span> <span class='ocrx_word' id='word_1_310' title='bbox 1099 3942 1310 3999; x_wconf 85' lang='lat' dir='ltr'><strong>nempe</strong></span> <span class='ocrx_word' id='word_1_311' title='bbox 1390 3937 1581 3980; x_wconf 83' lang='lat' dir='ltr'><strong>autem</strong></span> <span class='ocrx_word' id='word_1_312' title='bbox 1634 3921 1938 3978; x_wconf 70' lang='lat' dir='ltr'><strong>manifesto</strong></span> <span class='ocrx_word' id='word_1_313' title='bbox 1990 3915 2268 3974; x_wconf 75' lang='lat' dir='ltr'><strong>scribitur</strong></span> <span class='ocrx_word' id='word_1_314' title='bbox 2315 3915 2417 3971; x_wconf 76' lang='lat' dir='ltr'><strong>.A.</strong></span> 
     </span>
     <span class='ocr_line' id='line_1_36' title="bbox 263 4001 2419 4081; baseline -0.003 -23"><span class='ocrx_word' id='word_1_315' title='bbox 263 4002 583 4081; x_wconf 79' lang='lat' dir='ltr'><strong>incipiente</strong></span> <span class='ocrx_word' id='word_1_316' title='bbox 618 4027 651 4062; x_wconf 79' lang='lat' dir='ltr'><strong>a</strong></span> <span class='ocrx_word' id='word_1_317' title='bbox 672 4007 777 4064; x_wconf 86' lang='lat' dir='ltr'><strong>lib.</strong></span> <span class='ocrx_word' id='word_1_318' title='bbox 812 4028 985 4066; x_wconf 76' lang='lat' dir='ltr'><strong>vnn.</strong></span> <span class='ocrx_word' id='word_1_319' title='bbox 1030 4008 1117 4066; x_wconf 77' lang='lat'><strong>13.</strong></span> <span class='ocrx_word' id='word_1_320' title='bbox 1141 4007 1309 4065; x_wconf 86' lang='lat' dir='ltr'><strong>Idem</strong></span> <span class='ocrx_word' id='word_1_321' title='bbox 1394 4011 1629 4067; x_wconf 74' lang='lat' dir='ltr'><strong>Gellius</strong></span> <span class='ocrx_word' id='word_1_322' title='bbox 1662 4025 1780 4062; x_wconf 88' lang='lat' dir='ltr'><strong>non</strong></span> <span class='ocrx_word' id='word_1_323' title='bbox 1811 4006 2123 4078; x_wconf 53' lang='lat' dir='ltr'><strong>algemus.</strong></span> <span class='ocrx_word' id='word_1_324' title='bbox 2157 4001 2419 4072; x_wconf 75' lang='lat' dir='ltr'><strong>Namque</strong></span> 
     </span>
     <span class='ocr_line' id='line_1_37' title="bbox 269 4083 2420 4167; baseline -0.002 -23"><span class='ocrx_word' id='word_1_325' title='bbox 269 4087 526 4148; x_wconf 87' lang='lat' dir='ltr'><strong>continet</strong></span> <span class='ocrx_word' id='word_1_326' title='bbox 561 4090 733 4148; x_wconf 85' lang='lat' dir='ltr'><strong>etiam</strong></span> <span class='ocrx_word' id='word_1_327' title='bbox 770 4090 1025 4167; x_wconf 83' lang='lat' dir='ltr'><strong>capitum</strong></span> <span class='ocrx_word' id='word_1_328' title='bbox 1058 4109 1308 4146; x_wconf 78' lang='lat' dir='ltr'><strong>summa-</strong></span> <span class='ocrx_word' id='word_1_329' title='bbox 1386 4089 1477 4148; x_wconf 85' lang='lat' dir='ltr'><strong>.A.</strong></span> <span class='ocrx_word' id='word_1_330' title='bbox 1546 4087 1744 4144; x_wconf 87' lang='lat' dir='ltr'><strong>littera</strong></span> <span class='ocrx_word' id='word_1_331' title='bbox 1813 4083 2136 4160; x_wconf 78' lang='lat' dir='ltr'><strong>singularia</strong></span> <span class='ocrx_word' id='word_1_332' title='bbox 2198 4091 2420 4162; x_wconf 65' lang='lat' dir='ltr'><strong>puncto</strong></span> 
     </span>
     <span class='ocr_line' id='line_1_38' title="bbox 270 4165 2134 4250; baseline 0 -26"><span class='ocrx_word' id='word_1_333' title='bbox 270 4170 389 4226; x_wconf 77' lang='lat' dir='ltr'><strong>ria:</strong></span> <span class='ocrx_word' id='word_1_334' title='bbox 429 4191 575 4248; x_wconf 84' lang='lat' dir='ltr'><strong>quae</strong></span> <span class='ocrx_word' id='word_1_335' title='bbox 610 4185 797 4230; x_wconf 82' lang='lat' dir='ltr'><strong>tamen</strong></span> <span class='ocrx_word' id='word_1_336' title='bbox 832 4171 1029 4230; x_wconf 87' lang='lat' dir='ltr'><strong>nescio</strong></span> <span class='ocrx_word' id='word_1_337' title='bbox 1062 4193 1175 4248; x_wconf 90' lang='lat' dir='ltr'><strong>quo</strong></span> <span class='ocrx_word' id='word_1_338' title='bbox 1194 4193 1309 4247; x_wconf 79' lang='lat' dir='ltr'><strong>pa-</strong></span> <span class='ocrx_word' id='word_1_339' title='bbox 1386 4169 1677 4250; x_wconf 84' lang='lat' dir='ltr'><strong>utrimque</strong></span> <span class='ocrx_word' id='word_1_340' title='bbox 1713 4165 2082 4232; x_wconf 86' lang='lat' dir='ltr'><strong>concluditur</strong></span> <span class='ocrx_word' id='word_1_341' title='bbox 2113 4208 2134 4230; x_wconf 89' lang='grc'><strong>.</strong></span> 
     </span>
    </p>
   </div>
   <div class='ocr_carea' id='block_1_8' title="bbox 274 4254 1904 4390">
    <p class='ocr_par' dir='ltr' id='par_1_11' title="bbox 274 4254 1904 4390">
     <span class='ocr_line' id='line_1_39' title="bbox 274 4254 1904 4390; baseline 0.001 -80"><span class='ocrx_word' id='word_1_342' title='bbox 274 4265 367 4313; x_wconf 88' lang='lat' dir='ltr'><strong>cto</strong></span> <span class='ocrx_word' id='word_1_343' title='bbox 408 4254 814 4317; x_wconf 75' lang='lat' dir='ltr'><strong>desiderantur</strong></span> <span class='ocrx_word' id='word_1_344' title='bbox 846 4257 911 4318; x_wconf 87' lang='lat' dir='ltr'><strong>in</strong></span> <span class='ocrx_word' id='word_1_345' title='bbox 944 4255 1071 4316; x_wconf 79' lang='lat' dir='ltr'><strong>cod.</strong></span> <span class='ocrx_word' id='word_1_346' title='bbox 1108 4256 1187 4316; x_wconf 76' lang='lat' dir='ltr'><strong>nd</strong></span> <span class='ocrx_word' id='word_1_347' title='bbox 1216 4255 1301 4314; x_wconf 86' lang='lat' dir='ltr'><strong>li-</strong></span> <span class='ocrx_word' id='word_1_348' title='bbox 1859 4347 1904 4390; x_wconf 42' lang='grc' dir='ltr'><strong><em>ἡ</em></strong></span> 
     </span>
    </p>
   </div>
   <div class='ocr_carea' id='block_1_9' title="bbox 2563 3271 2832 3420">
    <p class='ocr_par' dir='ltr' id='par_1_12' title="bbox 2563 3271 2832 3420">
     <span class='ocr_line' id='line_1_40' title="bbox 2563 3271 2832 3330; baseline 0.007 -4"><span class='ocrx_word' id='word_1_349' title='bbox 2563 3271 2684 3326; x_wconf 62' lang='lat' dir='ltr'><strong>Gau.</strong></span> <span class='ocrx_word' id='word_1_350' title='bbox 2707 3285 2832 3330; x_wconf 75' lang='lat' dir='ltr'><strong>xut-</strong></span> 
     </span>
     <span class='ocr_line' id='line_1_41' title="bbox 2599 3347 2806 3420; baseline 0.014 -3"><span class='ocrx_word' id='word_1_351' title='bbox 2599 3355 2687 3402; x_wconf 66' lang='grc' dir='ltr'><strong>π-</strong></span> <span class='ocrx_word' id='word_1_352' title='bbox 2722 3347 2806 3420; x_wconf 75' lang='lat' dir='ltr'><strong>(e)</strong></span> 
     </span>
    </p>
   </div>
  </div>
 </body>
</html>
