3384 5134
1709 371 1731 445 s

1076 460 1212 539 132
1666 478 1780 533 An
1861 484 1976 531 qu-
2068 476 2597 538 caesanam

1612 686 1860 771 ixxx.
1921 691 2044 769 55.
2111 716 2404 768 nomn-o
2461 717 2664 766 meo,

1262 937 1615 1012 Canum
1674 960 1902 1035 usque
1963 962 2053 1009 eo
2112 930 2444 1009 adflictus
2503 960 2666 1007 sum
2707 988 2732 1029 ‚
2789 950 2872 1011 ut
2943 964 3212 1015 uocem

1056 1056 1506 1151 amitterem,
1561 1056 2053 1157 singultirem,
2107 1057 2422 1157 suspirio
2473 1070 2628 1133 tum
2693 1083 2930 1155 agerer
2961 1116 2985 1155 .,
3035 1088 3214 1161 pos-

1050 1191 1285 1251 tremo
1307 1202 1527 1251 uenae
1566 1176 1954 1250 deficerent
1981 1233 2003 1272 ‚
2063 1178 2216 1250 sine
2253 1176 2405 1250 ullo
2438 1176 2656 1278 pulsu
2683 1204 3029 1253 uenarum
3059 1182 3218 1255 ani-

1050 1327 1181 1379 mo
1236 1298 1425 1379 male
1480 1302 1722 1373 fieret:
1780 1300 2084 1401 denique
2133 1299 2630 1375 conclamatus
2679 1326 2842 1375 sum
2883 1304 3210 1399 nostri53

1049 1446 1279 1521 neque
1324 1420 1510 1497 sensi
1546 1420 1964 1521 aliquandiu
1989 1456 2010 1493 ε
2051 1448 2138 1494 ne
2179 1420 2448 1510 unlneo¹
2469 1420 2816 1521 'quidem
2849 1436 2974 1496 aut
3003 1422 3210 1520 frigi-

1052 1542 1146 1619 da
1180 1599 1202 1638 .,
1258 1542 1598 1627 anteibo
1634 1543 2008 1621 recreandi
2068 1568 2186 1619 me
2227 1566 2312 1619 ac
2355 1541 2646 1615 fouendi
2685 1544 2988 1618 medicis
3029 1558 3218 1619 tem·-

1052 1692 1191 1767 pus
1220 1680 1345 1737 aut
1377 1664 1668 1739 occasio
1701 1664 1864 1737 data
1896 1694 1916 1759 ς
1972 1666 2108 1739 nisi
2142 1680 2310 1764 post
2337 1688 2721 1765 uesperam
2775 1665 3218 1741 micularum

1048 1787 1440 1861 minimum
1494 1808 1665 1857 cum
1699 1786 1871 1859 uino
1919 1782 2364 1857 destinatum
2403 1784 2691 1883 gluttiui
2727 1838 2744 1856 .
2791 1788 2904 1859 lta
2959 1786 3218 1861 focila-

1051 1923 1169 1983 tus
1200 1899 1239 1957 b
1276 1921 1473 1981 totus
1506 1932 1670 1979 sum
1692 1918 1724 1953 ⁰
1747 1960 1766 1977 .
1796 1905 2056 1979 Postea
2095 1934 2226 2006 per
2253 1907 2694 1980 continuum
2727 1906 3046 1981 triduum
3079 1934 3219 1980 uo-

1053 2057 1215 2104 cem
1234 2056 1379 2103 uon
1403 2027 1801 2129 reciperaui
1824 2084 1840 2099 .
1869 2026 2005 2101 Sed
2022 2050 2240 2135 nuno,
2268 2030 2418 2102 deis
2437 2030 3222 2123 iuuantibuS‚commo-·

1050 2151 1345 2224 dissime
1379 2150 1581 2223 ualeo
1610 2205 1629 2243 ‚
1682 2148 1964 2223 facilius
1997 2150 2294 2223 ambulo
2328 2204 2350 2243 ,
2389 2149 2650 2223 clarius
2689 2150 2994 2225 clamito
3033 2182 3051 2219 ε
3089 2149 3220 2223 de-

1050 2272 1267 2371 nique
1290 2326 1312 2362 ‚
1345 2270 1406 2343 si
1436 2268 1552 2342 dei
1592 2268 1945 2344 iuuabunt
1973 2326 1994 2363 ‚
2027 2296 2188 2345 cras
2213 2270 2547 2345 uehiculo
2574 2271 2845 2344 uectari
2878 2270 3169 2346 destino
3195 2327 3216 2341 .

1050 2388 1129 2463 Si
1160 2390 1368 2463 facile
1392 2389 1675 2465 silicem
1718 2387 2117 2464 tolerauero
2145 2444 2168 2485 .,
2205 2402 2558 2491 quantum
2588 2404 2760 2489 pote
2797 2388 2888 2461 ad
2929 2405 2998 2465 te
3047 2416 3220 2464 cur-

1046 2535 1209 2583 ram
1250 2544 1269 2581 t
1306 2524 1467 2583 tum
1509 2509 1756 2585 uixero
1792 2534 1963 2585 cum
1993 2523 2061 2582 te
2111 2510 2362 2589 uidero
2395 2564 2412 2581 .
2453 2509 2590 2611 ,Ad
2627 2510 2775 2583 VII
2803 2564 2821 2580 .
2861 2508 3001 2584 kal.
3065 2513 3222 2586 Ro-

1046 2653 1169 2701 ma
1190 2620 1233 2675 d
1252 2628 1679 2727 proficiscar
1701 2686 1720 2724 ‚
1747 2630 1848 2703 sei
1881 2640 1912 2677 ⁶
1949 2628 2064 2702 dei
2089 2629 2436 2703 iuuabunt
2454 2683 2471 2700 .
2505 2626 2686 2705 Uale
2713 2628 3026 2703 Domine
3049 2628 3218 2703 dul-

1047 2746 1336 2821 cissime
1368 2802 1394 2841 ,
1435 2748 2132 2848 desiderantissime,
2169 2777 2384 2831 causa
2417 2750 2702 2852 optima
2727 2751 2917 2823 uitae
2953 2775 3202 2829 meae·

1045 2865 1440 2941 Dominam
1474 2866 1702 2942 saluta
1745 2920 1766 2943 .

1360 3136 1645 3195 xxxxl.
1684 3110 1812 3188 56.
1871 3136 2259 3189 numano
2303 3136 2460 3188 uto
2501 3138 2842 3188 saum-tn
2879 3168 2900 3185 .

1254 3350 1454 3427 Posr
1490 3366 1778 3454 tempus
1822 3367 1894 3429 te
1931 3350 2182 3429 uidere.
2197 3352 2584 3455 cupiebam
2616 3407 2634 3425 .
2671 3352 2872 3443 Quid
2920 3365 2999 3424 tu
3029 3376 3216 3425 cen-

1010 3450 1017 3463 ’
1050 3496 1159 3545 ses
1182 3464 1225 3545 ?
1252 3489 1427 3571 post
1462 3474 1874 3575 periculum
1903 3474 2103 3577 quod
2131 3474 2498 3575 suffugisse
2519 3444 2589 3549 'te
2608 3528 2630 3567 ‚
2675 3472 2784 3547 mi
2821 3475 3166 3573 magister
3187 3529 3216 3568 ‚

1046 3588 1313 3661 iterum
1353 3590 1508 3664 deis
1547 3620 1682 3691 ago
1726 3594 1983 3693 gratias
2012 3651 2034 3690 .,
2095 3592 2308 3669 lectis
2345 3594 2597 3667 litteris
2632 3592 2770 3665 tuis
2804 3646 2827 3687 .,
2883 3618 3066 3693 quae
3095 3616 3222 3671 me

1048 3732 1305 3781 rusum
1336 3702 1378 3809 'f
1435 3715 1636 3811 quasi
1690 3728 2040 3790 renouant
2069 3772 2092 3811 ,
2150 3744 2323 3790 cum
2389 3740 3006 3790 commemorantes
3059 3740 3218 3814 quo

1045 3828 1123 3902 in
1150 3826 1318 3904 loco
1346 3832 1588 3929 fueris,
1636 3854 2220 3914 consternarunt.
2263 3838 2405 3913 Sed
2425 3822 2800 3931 habente,
2830 3833 2982 3908 deis
3017 3842 3056 3900 8
3074 3860 3218 3909 uo-

1112 4008 1261 4081 a'In
1320 4032 1430 4086 eod.
1485 4055 1579 4104 pro
1615 4036 1825 4093 balneo.
1898 4040 1928 4093 b
1965 4044 2040 4094 Itu
2087 4042 2197 4094 cod.
2235 4058 2350 4091 cum
2405 4039 2629 4094 unic-1.
2697 4060 2728 4092 e
2763 4040 2886 4093 eod.
2921 4056 3031 4092 stan
3079 4051 3214 4096 tohu

1040 4114 1187 4159 nun,
1230 4103 1311 4152 ned
1352 4109 1487 4173 prius
1528 4127 1639 4159 uun
1688 4112 1882 4163 uidetur
1917 4114 2162 4166 deletum.
2232 4114 2270 4163 d
2305 4112 2426 4167 cod.
2467 4122 2691 4166 Romae.
2761 4130 2789 4161 e
2832 4111 3059 4163 Secunda
3093 4130 3220 4161 ma·-

1042 4172 1345 4303 &atde-'¹5:²⁵‘
1375 4194 1440 4230 e.
1492 4174 1643 4251 flu
1682 4196 1728 4236 ι.
1769 4201 1958 4249 ωας
1989 4202 2040 4237 nt
2078 4200 2133 4235 2.
2167 4200 2364 4237 mmm»
2387 4222 2402 4237 .
2469 4202 2511 4256 g
2550 4200 2595 4239 1.
2636 4203 2702 4241 m.
2734 4182 2922 4249 delam
2953 4200 3002 4237 2·
3030 4200 3102 4235 m.
3125 4182 3224 4234 ‘1²-
