3384 5134
997 476 1041 569 i.
1075 522 1098 566 1
1136 524 1168 567 a
1199 524 1238 568 e
1274 507 1318 570 ιι·
1405 520 1468 570 11
1517 508 1524 516 ‘
2036 546 2068 587 s
2156 498 2311 599 307

137 630 250 689 est
299 612 394 688 ad
435 614 839 688 exuendam
895 616 1276 691 infamiam
1313 633 1386 691 et
1444 616 1823 719 pristinam
1883 604 2312 717 dignitatem

137 736 708 836 recuperandam
741 725 784 811 ἶ)
827 736 992 815 Hoc
1017 737 1214 839 quod
1248 738 1472 832 ‘uocas
1508 739 1797 811 interim
1820 788 1843 828 ,
1876 740 2124 839 quanti
2152 766 2327 840 spe-f

133 858 327 933 rabit
365 872 399 906 ³
425 852 466 933 ?
514 860 589 931 Si
641 860 991 959 tantisper
1023 853 1392 963 [dedisset
1425 918 1448 957 .‚
1485 856 1518 963 ]
1557 860 1925 961 paulisper
1952 864 2315 963 sperabit.
2350 938 2353 947 ,

131 981 320 1071 Quis
385 984 602 1078 segeti
641 980 954 1055 torridae
1004 975 1907 1084 messem-procrastinat?
1936 984 2100 1083 quis
2155 986 2317 1057 uin-

131 1098 458 1172 demiam
503 1097 863 1173 maturam
915 1100 1000 1173 ac
1039 1100 1511 1175 distillantem
1547 1100 1801 1177 differt
1824 1096 1867 1177 ’ἶ
1918 1104 2078 1203 quis
2114 1118 2307 1177 tem-

127 1250 274 1324 pus
307 1237 654 1325 prorogat
715 1224 962 1325 pomis
1005 1224 1307 1297 mitibus
1335 1282 1357 1319 ,
1403 1240 1528 1299 aut
1565 1226 1873 1299 floribus
1912 1229 2309 1301 marcenti-

131 1346 302 1439 bus,
341 1364 466 1419 aut
491 1346 775 1419 facibus
801 1339 1262 1419 ardentibus?
1287 1348 1530 1420 Etiam
1554 1346 1692 1421 soli
1723 1402 1769 1420 ..
1790 1348 1981 1421 centi
2008 1350 2313 1423 uerbum

127 1484 241 1541 est
285 1470 572 1542 interim
629 1468 798 1541 occi
835 1524 852 1539 .
877 1524 894 1539 .
931 1467 1320 1543 confestim
1350 1526 1367 1542 .
1406 1466 1698 1543 Uellem
1733 1472 1920 1543 sicut
1953 1484 2033 1544 tu
2068 1498 2313 1547 senem

132 1588 381 1662 differs
415 1644 436 1677 ‚
469 1588 568 1660 ita
616 1602 807 1661 aetas
848 1614 1134 1689 quoque
1167 1588 1483 1663 differret
1528 1646 1548 1669 .
1585 1646 1604 1663 .
1642 1590 2185 1667 Adulescentiae
2212 1584 2249 1641 b
2282 1646 2308 1685 ‚

129 1711 494 1783 iuuentuti
574 1710 864 1810 prolixa
943 1714 1132 1785 uitae
1213 1710 1566 1786 curricula
1651 1712 1819 1787 data
1908 1724 2077 1785 sunt
2129 1767 2152 1806 .,
2218 1712 2317 1785 si-

133 1846 264 1925 cut
305 1828 664 1951 diebusfftet
705 1828 1047 1904 noctibus
1081 1830 1446 1905 interdum
1479 1830 1655 1904 licet
1695 1858 1851 1905 esse
1886 1829 2124 1927 longis
2150 1862 2171 1899 ε
2200 1854 2311 1903 se·-

129 1966 387 2025 nectus
429 1950 942 2053 crepusculum
980 1964 1090 2025 est
1121 2006 1143 2043 ,
1203 1950 1406 2053 quod
1449 1950 1752 2049 longum
1790 1956 1945 2023 'esse
1977 1974 2122 2023 non
2154 1975 2309 2050 po-

137 2086 285 2145 test
339 2126 358 2143 .
395 2128 415 2143 .
471 2086 576 2144 tes
643 2068 1004 2143 metienda
1057 2087 1220 2144 suut
1263 2127 1280 2143 .
1338 2070 1736 2145 Proculus¹
1777 2126 1795 2140 .
1826 2125 1843 2139 .
1878 2125 1895 2139 .
1932 2068 2305 2143 biennium

129 2192 325 2266 illud
359 2248 376 2263 .
416 2248 434 2263 .
465 2246 484 2263 .
517 2204 626 2265 est
669 2249 685 2262 .
715 2248 733 2262 .
765 2242 784 2261 .
823 2190 1125 2263 Homini
1190 2192 1340 2263 seni
1398 2188 1755 2291 quidquid
1820 2188 2111 2262 interim
2154 2192 2243 2261 fit
2282 2244 2308 2282 ,

127 2314 338 2385 iuxta
409 2311 702 2384 interim
753 2313 888 2383 fit.
928 2366 945 2380 .
977 2326 1004 2380 '.
1051 2366 1070 2381 .
1129 2311 1550 2407 ‘inrogatam
1607 2366 1625 2380 .
1669 2365 1687 2381 .
1743 2309 2183 2409 praeuertit,
2240 2316 2313 2381 ei:

129 2430 706 2530 quinquennium
739 2429 813 2500 in
847 2426 1234 2507 triennium
1277 2430 1541 2502 artauit
1567 2484 1584 2499 .
1628 2428 1962 2533 Namque
1990 2450 2235 2502 meum
2266 2483 2311 2497 ..

130 2550 286 2623 lata
343 2564 500 2623 tum
537 2550 812 2623 ..nium
843 2607 860 2621 .
903 2552 1079 2625 facit
1111 2607 1159 2625 ..
1194 2552 1622 2625 clementer.
1678 2548 2035 2625 Proculus
2076 2549 2310 2623 homo

125 2670 418 2769 ingenio
457 2668 550 2744 ad
585 2682 818 2741 cetera
845 2674 1154 2747 remisso
1191 2687 1263 2745 et
1297 2670 1610 2747 delicato
1637 2728 1660 2764 .,
1689 2669 1913 2743 sedin
1940 2668 2305 2742 sententiis

125 2789 472 2863 dicundis
512 2782 674 2891 [ad]
709 2791 1170 2890 puniendum.
1201 2785 1477 2895 [paulo
1504 2786 1801 2894 duri]or
1836 2806 1910 2864 et
1935 2790 2305 2863 infestior.
2422 2892 2427 2898 q

132 2969 154 2985 .
198 2966 216 2982 .
253 2910 586 3009 Plerique
624 2908 716 2983 ad
758 2922 984 2987 cetera
1021 2906 1437 3017 [minime]
1489 2913 1652 2985 serii
1695 2967 1718 3005 ‚
1780 2912 1857 2985 in
1913 2908 2305 2983 iudicando

125 3046 377 3105 tamen
430 3033 662 3131 asperi
715 3033 909 3107 fuere
950 3066 972 3129 .·,
1040 3035 1318 3111 scilicet
1365 3048 1444 3109 ut
1479 3060 1620 3135 pro
1672 3033 2049 3107 seueritate
2087 3086 2109 3121 ‚
2162 3054 2307 3130 qua

126 3150 512 3245 carebant,
546 3151 874 3225 obtensui
897 3165 928 3203 ⁰
950 3156 1318 3233 saeuitiam
1358 3152 1837 3227 subornarent
1858 3206 1876 3224 .
1912 3148 2303 3224 Biennium

122 3284 308 3343 tunc
353 3270 444 3343 de
483 3326 502 3343 .
546 3329 565 3344 .
600 3273 772 3350 dem
825 3274 1230 3353 Uolumnio
1275 3266 1479 3376 pro'.
1523 3327 1542 3344 .
1578 3296 1772 3351 nunc
1806 3326 1827 3345 .
1874 3324 1893 3341 .
1928 3268 2304 3343 biennium

127 3389 286 3463 uita
311 3443 330 3460 .
377 3444 397 3461 .
450 3390 561 3488 agi
613 3420 653 3465 a
687 3406 822 3469 te..
847 3394 1040 3471 entia
1092 3408 1210 3469 tua
1246 3420 1358 3473 res
1392 3448 1412 3467 .
1442 3450 1461 3464 .
1493 3392 1775 3471 detrahi
1818 3386 2301 3488 ignominiam

119 3510 430 3585 iusseris
461 3512 848 3613 nepotibus
879 3570 902 3609 ‚
942 3540 1196 3613 genere
1230 3512 1590 3593 adfinibus
1632 3570 1654 3607 .‚
1698 3512 1961 3613 quibus
1994 3564 2012 3579 .
2034 3562 2051 3579 .
2088 3504 2300 3580 domi

119 3642 414 3730 patrem
479 3630 884 3737 fratresque
943 3634 1314 3739 reliqueris
1339 3687 1362 3711 .
1433 3630 1745 3709 Subleua
1806 3625 2307 3709 misericordia

121 3764 438 3825 aetatem
487 3752 928 3833 familiarem
967 3754 1104 3833 tibi
1160 3771 1233 3829 et
1283 3754 1636 3856 patritam
1686 3806 1706 3823 .
1754 3808 1773 3823 .
1820 3765 1896 3823 et
1938 3746 2307 3823 rescindas

203 3911 242 3942 a
276 3896 379 3945 Nini
419 3897 581 3948 mauis
643 3896 802 3967 legere
842 3899 1130 3972 quantisper
1165 3898 1272 3955 abit
1293 3930 1305 3945 ·
1343 3898 1442 3951 Sed
1479 3900 1644 3953 obstat
1689 3896 1826 3965 quod
1858 3914 1979 3947 mox
2016 3896 2070 3944 in
2108 3890 2302 3945 schedi-

117 3968 244 4035 'lego
282 3964 460 4017 dinem
489 3966 750 4037 paulisper·
781 3970 998 4037 sperabit
1021 4006 1034 4028 ‚
1078 3971 1310 4037 replicato
1332 3978 1462 4037 'sper
1487 4008 1501 4022 .
1572 3968 1604 4020 b
1638 3971 1713 4019 Ita
1750 3968 1861 4016 cod.
1888 3970 1992 4019 eine
2008 3964 2191 4042 copula
2225 3972 2311 4030 σεξ

129 4054 192 4089 nt
229 4054 376 4104 supra
411 4054 464 4104 p.
501 4040 618 4103 ²39·
640 4058 691 4093 v.
717 4054 762 4089 1.
833 4056 862 4088 c
899 4038 973 4093 lta
1009 4042 1118 4098 cod.
1158 4044 1212 4100 in
1247 4058 1388 4101 textu
1425 4056 1475 4099 et
1515 4044 1566 4092 in
1609 4041 1865 4111 margine.

222 4214 242 4250 ι
295 4195 448 4250 Num
471 4190 578 4247 ille
595 4192 876 4251 Proculus
896 4193 972 4249 ad
1008 4214 1177 4269 quem
1263 4216 1441 4257 xxvx.
1478 4194 1539 4259 5,
1573 4194 1698 4267 24ἶ

121 4277 556 4357 rescripserunt
610 4274 735 4336 diui
781 4282 1016 4337 Fratres
1053 4276 1174 4357 dig,

1695 4369 1741 4415 ἡ
