3384 5134
1004 476 1049 527 1,
1080 480 1105 526 1
1140 480 1175 525 Β
1202 480 1243 526 ε
1276 479 1321 527 ιι
1392 476 1526 525 1111
2198 448 2338 527 1⁴05

188 574 325 651 isse
378 574 749 649 nuntiatus
786 586 895 647 est
934 630 952 644 .
1004 575 1177 647 Loti
1228 574 1445 671 igitur
1478 575 1587 648 in'
1628 571 1976 647 torculari
2044 574 2340 645 cenaui-

176 724 349 771 mus
389 723 411 790 5,
457 721 609 769 non
648 693 786 766 loti
824 696 901 767 in
942 694 1345 787 torculari,
1398 694 1526 769 sed
1562 692 1704 767 loti
1745 694 2202 783 cenauimus3
2269 705 2344 763 et

180 816 506 891 rusticos
550 811 969 887 cauillantes
1006 812 1419 887 audiuimus
1462 812 1768 885 libenter
1811 868 1830 882 .
1871 810 2046 883 Inde
2095 834 2342 881 reuer-

180 963 305 1011 sus
332 994 355 1031 .,
385 936 589 1037 prius
612 961 833 1036 quam
858 960 977 1009 me
1004 934 1293 1009 inlatus
1320 948 1665 1008 conuerto
1702 948 1784 1007 ut
1806 946 2102 1007 stertam
2130 984 2153 1023 .,
2189 954 2346 1001 me·-
2447 978 2454 983 -

176 1082 317 1129 um
368 1082 679 1155 pensum
712 1054 1004 1154 explico
1043 1112 1067 1149 .,
1114 1070 1187 1128 et
1224 1054 1371 1127 diei
1410 1056 1766 1129 rationem
1797 1078 1964 1127 meo
1999 1047 2343 1125 suauissi-

178 1201 315 1247 mo
342 1176 689 1273 magistro
725 1174 947 1248 reddo
974 1232 997 1269 .‚
1034 1200 1251 1275 quem
1292 1176 1352 1249 si
1383 1173 1940 1276 possem-magis
1975 1164 2339 1245 desidera-
2383 1244 2386 1250 ,

178 1324 263 1369 re
288 1350 313 1390 .,
338 1294 643 1371 libenter
663 1296 1081 1396 plusculum
1108 1324 1510 1373 macerarer
1534 1354 1555 1369 .
1582 1297 1882 1371 Ualebis
1906 1294 2088 1367 mihi
2109 1293 2345 1365 Fron-

180 1430 264 1489 to
294 1470 319 1510 ,
360 1417 487 1491 uhi
518 1417 645 1491 ubi
669 1446 741 1491 es
771 1474 794 1511 ,
821 1418 1297 1493 mellitissime
1320 1475 1343 1514 .‚
1393 1446 1595 1493 meus
1626 1445 1838 1491 amor
1862 1474 1884 1509 .,
1927 1442 2089 1491 mea
2119 1413 2341 1486 uolu-

174 1550 355 1637 ptas
388 1594 409 1609 .
448 1537 647 1629 Quid
681 1539 867 1611 mihi
898 1552 1143 1611 tecum
1174 1552 1283 1613 est
1318 1531 1361 1611 ⁴?
1402 1556 1571 1613 amo
1611 1538 1978 1613 absentem
2007 1588 2028 1607 .

448 1808 599 1855 vu.
634 1805 817 1855 nm:
870 1794 905 1831 ²
936 1796 1113 1857 mnu
1158 1800 1545 1857 mAcxsTm
1582 1806 2028 1855 nuLc1ssmr.
2059 1834 2084 1853 .

290 2024 612 2097 TANDEM
641 2023 1053 2101 tabellarius
1092 2024 1629 2125 proficiscitur,
1658 2038 1734 2097 et
1767 2050 1898 2122 ego
1929 2021 2150 2097 tridui
2181 2036 2344 2097 acta

190 2167 347 2215 nea
388 2142 484 2217 ad
522 2158 589 2217 te
624 2143 913 2217 tandem
941 2170 1242 2245 possum
1277 2146 1641 2219 dimittere
1681 2201 1700 2216 .
1751 2145 1904 2217 Nec
1952 2143 2342 2244 quicquam

198 2262 365 2337 dno
398 2296 421 2359 ς
454 2265 551 2339 ita
575 2261 901 2366 epistulis
921 2246 1153 2367 prope
1180 2260 1327 2341 adh
1364 2294 1582 2341 ·xxx·
1620 2265 1977 2339 dictandis
2003 2265 2344 2365 spiritum

195 2381 487 2457 inmmsi
516 2442 537 2457 .
576 2387 772 2461 Nam
808 2388 1012 2488 quod
1042 2390 1383 2489 proxime
1414 2388 1549 2461 tibi
1580 2388 1671 2463 de
1694 2386 2020 2487 epistulis
2051 2383 2345 2486 placue-

198 2512 317 2571 rat
338 2554 363 2595 ‚
412 2502 741 2579 nondum
784 2505 877 2578 ad
909 2518 940 2555 c
964 2512 1245 2609 ‘patrem
1300 2533 1548 2581 meum
1574 2505 1840 2607 pertuli
1868 2562 1886 2576 .
1941 2504 2082 2579 Sed
2116 2484 2342 2596 cum'‚

198 2618 311 2690 dis
336 2622 751 2699 iuuantibus
780 2683 803 2721 ‚
854 2628 948 2701 ad
986 2629 1241 2703 urbem
1272 2630 1641 2703 ueniemus
1676 2683 1700 2722 ,
1753 2625 2072 2703 admone
2107 2648 2226 2699 me
2261 2643 2362 2703 ut.

198 2740 337 2811 tihi
362 2743 641 2845 aliquid
684 2746 775 2819 de
822 2746 961 2823 hac
994 2776 1075 2825 re
1102 2776 1389 2825 narrem
1424 2804 1441 2821 .
1494 2748 1635 2823 Sed
1682 2775 1864 2849 quae
1907 2763 2028 2823 tua
2067 2762 2143 2821 et
2181 2774 2344 2823 mea

194 2866 525 2939 memoria
546 2858 589 2915 d
618 2860 783 2941 est?
804 2894 1029 2968 neque
1064 2884 1143 2943 tu
1180 2896 1299 2943 me
1324 2870 1780 2966 admonebis,
1801 2898 2026 2971 neque
2049 2896 2178 2968 ego
2208 2870 2344 2943 tibi

196 2983 497 3057 narrabo
524 3040 547 3079 .,
576 2999 795 3085 atque
822 2998 853 3033 θ
871 2988 1067 3061 enim
1093 3014 1335 3062 reuera
1374 3013 1558 3088 opus
1584 2989 1919 3063 consulto
1948 3003 2054 3063 est
2071 3045 2088 3059 .
2118 2988 2342 3084 Uale,

196 3127 481 3199 meunt,
525 3106 705 3205 quid
752 3108 997 3184 dicam
1030 3164 1055 3203 .,
1092 3109 1449 3210 quidquid
1482 3108 1724 3182 dicere
1757 3110 1930 3181 satis
1969 3133 2116 3181 non
2163 3124 2274 3181 est
2300 3104 2342 3184 ?

196 3219 391 3295 Uale
424 3246 655 3299 neum
682 3225 1117 3313 desiderium
1140 3284 1161 3323 .,
1211 3254 1371 3301 mea
1410 3220 1586 3327 [lux
1612 3282 1634 3321 ‚
1656 3221 1856 3328 mea]
1899 3223 2234 3325 uoluptas
2261 3220 2287 3275 f
2315 3280 2335 3298 .

609 3494 797 3545 vul.
872 3494 1259 3546 MAGISTRO
1314 3495 1471 3544 MEO
1526 3494 1868 3543 SALUTEM
1908 3522 1927 3537 .

304 3704 715 3783 Anum-run
766 3722 975 3783 tuum
1024 3704 1207 3783 mihi
1234 3710 1448 3783 frater
1483 3720 1647 3784 tuus
1678 3736 1906 3811 nuper
1937 3713 2343 3795 w’uvym'oae-

192 3842 273 3884 το
312 3865 331 3883 .
390 3810 609 3909 Cupio
650 3815 1059 3889 mehercule
1096 3817 1335 3916 possis
1374 3818 1613 3889 uenire
1640 3870 1665 3909 .,
1722 3817 1926 3917 quod
1960 3819 2184 3893 salute
2218 3833 2341 3895 tua

194 3932 329 4006 fiat
365 3964 384 4001 ε
426 3957 619 4035 spe-o
649 3938 842 4009 enim
874 3937 1025 4010 fore
1054 3994 1075 4031 .,
1112 3950 1195 4011 ut
1236 3938 1455 4010 etiam
1488 3936 1882 4011 ualetudini
1920 3966 2118 4013 meae
2153 3964 2341 4013 con-

266 4120 303 4155 a
338 4104 417 4157 In
467 4100 578 4156 cod.
613 4128 707 4177 pro
761 4128 857 4161 aue
878 4153 889 4165 .
963 4112 993 4161 b
1026 4112 1105 4161 Ad
1147 4112 1494 4179 superadditur
1532 4126 1580 4161 ει.
1616 4130 1768 4165 manu
1796 4149 1810 4162 .
1877 4133 1906 4166 c
1939 4116 2018 4166 Ad
2053 4110 2343 4184 superaddi·-

190 4192 279 4227 ιω·
316 4190 364 4227 2.
416 4194 597 4229 mauu.
650 4182 687 4231 d
722 4185 833 4233 on
874 4183 1025 4238 haec,
1080 4198 1135 4232 ut
1184 4186 1447 4247 noc-bilin,
1484 4187 1720 4254 repetitur
1775 4190 1825 4238 in
1879 4191 2133 4259 margine.
2201 4202 2228 4236 e
2264 4188 2344 4240 lt·

192 4246 313 4299 cod.
373 4242 417 4317 f
442 4248 661 4319 Uolupta
695 4256 925 4307 scribitur
958 4270 1005 4309 2.
1030 4270 1179 4307 manu
1198 4288 1217 4310 0

2414 666 2452 691 l
