3384 5134
886 511 1433 564 uocnuaoauu
2071 493 2224 590 349

262 601 505 670 Comes,
550 615 609 661 et
644 601 894 673 assecla,
932 617 989 662 et
1020 606 1271 675 sodalis,
1314 619 1373 664 et
1407 604 1610 663 cliens.
1646 610 1860 666 Comes
1893 607 2003 665 iter
2033 607 2208 666 facita

72 702 311 758 assecla
344 702 603 778 sequitur
638 704 1057 778 potentiorem:
1107 707 1324 765 sodalis
1364 705 1790 768 adulescentiae
1829 725 2040 764 nomen
2091 719 2214 764 esta
2247 719 2264 728 ·“

73 798 276 855 cliens
316 799 592 879 implorat
624 823 793 880 opem
835 817 893 861 et
946 803 1154 861 fldem.
1208 805 1299 862 lta
1346 823 1538 860 eomes
1584 815 1778 872 tutus,
1817 801 2034 862 assecla
2082 805 2218 862 ofli-

71 896 318 966 eiosus,
355 897 570 956 sodalis
605 901 853 971 amicus,
886 901 1066 958 cliens
1088 901 1419 960 summissus
1439 943 1451 956 .

257 1000 443 1056 Causa
479 1009 535 1055 et
566 1000 715 1057 ratio
747 1042 762 1057 .
812 1003 996 1060 Causa
1036 1001 1205 1058 docet
1240 1001 1491 1059 factum=
1530 1000 1678 1058 ratio
1715 999 1890 1058 soluit
1933 1000 2170 1058 obscura
2195 1036 2214 1056 .
2251 1029 2262 1042 =

250 1096 475 1153 Nomen
524 1108 583 1154 et
628 1098 977 1157 uocabulum
1005 1143 1021 1156 .
1060 1101 1283 1156 Nomen
1314 1098 1618 1176 proprium
1653 1099 1906 1157 indicat:
1949 1099 2212 1160 uocabu-

68 1187 217 1246 lum
254 1190 531 1250 diffundit
560 1193 1036 1272 significationem
1060 1240 1075 1254 .

264 1288 477 1351 Horret
528 1305 583 1350 et
624 1294 877 1371 trepidat
897 1335 912 1350 .
950 1295 1165 1352 Horret
1206 1313 1447 1370 corpus:
1485 1293 1745 1369 trepidat
1777 1299 1965 1349 motus
1999 1293 2213 1352 animi:

256 1394 545 1462 Quaerere
564 1403 620 1448 et
637 1391 929 1468 inquirere
956 1402 1013 1449 et
1031 1391 1361 1449 desiderare
1378 1433 1393 1446 .
1430 1394 1774 1464 Quaerimus
1795 1388 2166 1467 disciplinam
2187 1415 2202 1448 ε

64 1487 435 1564 inquirimus
486 1490 560 1547 de
592 1509 706 1568 quo
740 1489 1103 1551 dubitamus:
1128 1489 1553 1560 desideramus,
1588 1490 1683 1548 uel
1707 1488 1866 1568 quod
1891 1490 2206 1568 ‘diligimus

66 1583 182 1642 uel
218 1585 382 1662 quod
408 1586 731 1646 amisimus.

250 1683 615 1740 Temerarius
633 1697 689 1741 et
726 1685 941 1743 audax.
981 1682 1389 1753 Temerarius,
1426 1682 1525 1761 qui
1554 1683 1677 1740 sine
1692 1695 1966 1760 respectu
1996 1683 2204 1741 salutis

66 1779 271 1840 obicit
304 1801 365 1838 se
395 1781 673 1858 periculis
694 1807 709 1838 ε
755 1784 941 1841 audax
974 1784 1095 1840 sine
1130 1783 1351 1840 ratione
1380 1783 1662 1861 impetum
1691 1781 1866 1842 facit.
1903 1783 2060 1857 Ergo
2091 1801 2212 1840 au-

68 1883 199 1938 dax
232 1899 353 1938 non
385 1881 661 1958 prouidet
679 1925 697 1953 ,
742 1882 1077 1942 temerarius
1110 1901 1223 1939 non
1256 1881 1421 1939 timet
1442 1921 1457 1935 .

254 1979 517 2054 Longum
538 1992 594 2036 et
627 1979 1038 2056 longinquum.
1078 1981 1342 2055 Longum
1370 1975 1776 2054 praeuerbium
1816 1974 1907 2048 (a)
1929 1985 2014 2032 est
2033 2017 2048 2032 .
2081 1976 2203 2033 lta«

62 2093 193 2151 que
227 2073 471 2131 uerbum
506 2073 596 2130 illi
642 2074 955 2152 apponitur
977 2074 1071 2148 (b)
1091 2097 1105 2129 x
1127 2074 1505 2149 longinquum
1540 2071 1766 2128 itineris
1802 2083 1918 2127 est.

245 2170 411 2228 Felix
445 2183 503 2230 et
532 2173 1065 2233 fortunatus.Feiix
1096 2174 1177 2230 ita
1213 2185 1516 2230 natusest:
1553 2173 1882 2228 fortunatus
1917 2189 2048 2225 cum
2075 2168 2202 2244 opi·-

62 2273 187 2330 bus
220 2291 433 2328 nomen
475 2271 688 2348 accipit
723 2314 735 2327 .
784 2273 872 2329 lta
917 2272 1059 2330 felix
1090 2285 1333 2328 naturae
1366 2271 1524 2330 bono
1561 2269 1814 2336 fruitur,
1868 2267 2198 2324 fortunatus

62 2367 387 2426 commodo
418 2369 719 2444 temporis.

239 2465 445 2525 Aestas
476 2479 535 2524 et
552 2479 741 2526 aestus
763 2497 785 2525 .·
812 2467 1017 2526 Aestas
1032 2479 1117 2526 est
1149 2489 1287 2547 pars
1310 2466 1441 2524 anni
1462 2489 1479 2524 ι
1500 2477 1689 2523 aestus
1709 2463 1867 2521 calor
1897 2459 2202 2536 temporis.»

59 2564 289 2618 Aestus
324 2581 357 2618 a
388 2561 568 2621 nimio
604 2564 795 2622 calore
826 2583 1038 2624 nomen
1070 2565 1297 2650 accepit
1313 2571 1400 2639 (c)
1421 2585 1435 2619 z
1457 2573 1639 2621 aestas
1658 2577 1870 2617 nomen
1888 2575 2006 2614 non
2033 2553 2200 2613 amit·

58 2671 152 2714 tet
192 2657 416 2716 etiamsi
460 2671 780 2737 temperata
814 2675 931 2722 est.

236 2754 427 2813 Citius
452 2770 509 2813 et
542 2756 785 2816 celerius
803 2801 821 2818 .
850 2759 1038 2818 Citius
1054 2755 1465 2838 praeuerbium
1498 2751 1794 2835 qualitatis
1825 2750 2193 2829 praelatiuae

52 2850 263 2910 simile
296 2853 655 2928 cognominis
684 2875 791 2930 pro
828 2867 1113 2915 maturum
1149 2869 1234 2914 est
1274 2856 1371 2930 (d)
1392 2853 1567 2912 etiam
1600 2847 2043 2930 significantiam
2079 2847 2194 2904 ha·-

56 2952 239 3016 bens,
262 2959 325 3004 ut
359 2947 471 3005 iam
506 2949 640 3007 fessi
676 2962 807 3008 ante
838 2964 1065 3029 tempus
1090 2975 1151 3011 re
1169 2955 1323 3011 facta
1349 2959 1455 3026 (e),
1474 2961 1541 3021 ut
1568 2949 1844 3026 loquatur
1859 2965 1976 3003 non
2007 2955 2196 3003 osten-

52 3043 161 3104 dit
181 3043 479 3122 qualitatis
498 3047 603 3106 sed
630 3049 941 3127 temporis,
964 3062 1022 3107 at
1056 3050 1318 3110 celeritas
1349 3051 1437 3108 sni
1468 3044 1746 3123 temporis
1783 3055 1868 3100 est
1899 3041 2188 3120 perfecta.

237 3143 423 3202 Simul
445 3158 502 3204 et
520 3139 629 3205 una
647 3191 663 3206 .
682 3146 865 3206 Simul
885 3146 1077 3206 locum
1100 3150 1455 3208 demonstrat
1473 3187 1492 3215 ‚
1512 3165 1627 3200 una
1648 3138 2152 3218 congregationem
2169 3179 2189 3193 -

232 3241 571 3300 Comminus
608 3257 669 3302 et
701 3245 922 3303 eminus
957 3245 1031 3302 de
1061 3245 1381 3318 iaculis(s)
1407 3268 1428 3315 3
1464 3242 1627 3320 quod
1674 3239 1831 3298 illud
1862 3257 1897 3294 a
1927 3234 2194 3294 manibus

46 3356 189 3396 non
222 3339 483 3409 recedit3
530 3339 643 3399 hoc
674 3363 707 3399 e
738 3342 1003 3400 manibus
1035 3343 1354 3412 emittitur3

234 3438 397 3496 Parsi
431 3453 489 3497 et
518 3443 789 3520 peperci.
852 3443 1013 3504 Parsi
1052 3443 1262 3513 semel,
1319 3441 1555 3521 peperci
1582 3441 1842 3520 saepius.

230 3535 441 3596 Dicere
473 3550 530 3596 et
563 3539 725 3617 loqui
758 3552 817 3599 et
846 3561 1083 3601 narrare
1112 3583 1129 3598 .
1153 3541 1416 3600 Dicimus
1450 3539 1611 3618 quod
1646 3537 1952 3596 uolumus:
1993 3533 2184 3612 loqui-

44 3651 202 3694 mur
238 3633 525 3694 inuicem:
576 3657 879 3698 narramus
912 3639 1075 3718 quod
1108 3639 1442 3717 ignoratur.

235 3729 447 3790 Uultus
480 3744 539 3790 et
574 3754 671 3794 os.
715 3735 925 3794 Uultus
971 3737 1211 3818 proprie
1240 3735 1497 3794 hominis
1529 3755 1545 3790 ε
1586 3753 1649 3792 os
1682 3730 1968 3791 omniumz
2005 3727 2192 3788 faciest

44 3826 332 3908 plurium
367 3837 463 3906 (g)
494 3871 511 3886 .
1085 3819 1099 3831 ’

108 4044 153 4076 a
191 4025 252 4076 G.
281 4023 365 4076 hic
402 4040 452 4078 et
488 4017 606 4078 aliBi
629 4025 948 4100 pratee-bium
969 4065 985 4080 .
1057 4026 1089 4078 b
1140 4029 1197 4079 F.
1231 4029 1295 4080 G.
1328 4027 1595 4098 opponitur
1634 4059 1649 4074 .
1729 4041 1761 4074 c
1795 4025 1852 4074 F.
1885 4025 1946 4074 G».
1973 4021 2198 4092 accipit,

24 4115 83 4152 et
128 4113 257 4146 mox
288 4100 499 4151 αηιὶεεὶε.
568 4099 607 4148 d
642 4101 695 4152 F.
733 4100 795 4150 G.
829 4099 1113 4166 cognomini
1134 4133 1149 4148 .
1187 4108 1283 4151 Pro
1317 4100 1559 4149 maturius
1596 4106 1706 4147 est·
1777 4112 1805 4144 e
1839 4093 1916 4145 Ita
1954 4093 2030 4145 ed.
2087 4109 2199 4142 uen-

22 4172 161 4240 'nni
216 4169 364 4216 1522.
412 4170 544 4220 Aliae
587 4170 699 4219 edd.
750 4171 1040 4226 mendosae·
1108 4165 1147 4236 f
1165 4171 1325 4222 eladii
1362 4167 1591 4241 (genere
1633 4163 1870 4236 neutro)
1902 4166 2202 4226 mationem

24 4247 155 4296 heic
192 4241 427 4294 excidisse
471 4243 538 4292 ait
574 4245 707 4294 Buet.
775 4259 815 4312 g
849 4243 908 4304 F.
936 4243 997 4294 G.
1024 4239 1216 4303 addunt
1250 4243 1371 4302 haec
1414 4243 1517 4292 duo
1556 4241 1743 4314 uerba-0

530 4497 547 4556 k
