3384 5134
1336 394 1355 430 Χ

1072 445 1165 523 52
1658 462 1777 515 Ao
1847 464 1967 512 qu·
2021 460 2558 511 cai-,sanem

1063 570 1347 645 calamo
1378 564 1666 659 scribo,
1703 577 1777 636 et
1821 574 1891 635 te
1946 561 2176 635 saluto
2203 615 2228 654 ‚
2261 572 2335 633 et
2366 584 2586 659 quam
2619 556 3011 633 commode
3039 552 3206 659 {gas

593 678 962 789 *QJIIL
1067 690 1402 765 sciscitor
1422 742 1443 758 .
1496 688 1563 761 Ο
1602 681 1954 786 quamdiu
1992 694 2062 753 te
2093 704 2244 753 non
2264 678 2420 752 uidi
2451 672 2494 711 *
2525 680 2550 751 l

1271 956 1458 1003 vul.
1525 922 1812 1025 (uanus
1843 936 1864 973 ¹
1899 946 2272 998 rnou‘rom
2331 942 2714 993 micis‘rno
2749 941 2882 990 suo
2925 914 2997 1017 .)

1270 1228 1296 1247 .
1333 1230 1355 1245 .
1383 1230 1403 1245 .
1437 1170 1690 1245 deatur
1715 1226 1734 1240 .
1764 1165 2161 1241 Polemona
2191 1175 2223 1213 ‘²
2254 1177 2417 1236 ante
2446 1162 2590 1235 hoc
2619 1156 2938 1233 triduum
2967 1156 3212 1231 decla-

1062 1310 1385 1375 mantem
1428 1293 1671 1368 audiui
1707 1286 1744 1343 3
1775 1349 1798 1388 .,
1851 1294 1957 1365 lm
1994 1312 2062 1363 ‘rb
2100 1292 2208 1363 nai
2235 1293 2368 1385 περὶ
2397 1291 2744 1385 ἐνᾶρόπων
2785 1283 3158 1373 λαλίσωμσν
3181 1330 3207 1357 .

1066 1419 1143 1491 Si
1167 1416 1445 1518 quaeris
1467 1412 1645 1514 quid
1676 1412 1870 1485 uisus
1901 1412 1996 1485 sit:
2027 1407 2210 1481 mihi
2235 1464 2258 1503 .,
2291 1406 2544 1505 accipe
2576 1397 2619 1438 *
2649 1454 2668 1475 .
2723 1400 3036 1474 Uidetur
3065 1396 3214 1469 mi·-

1062 1538 1141 1609 hi
1170 1534 1481 1633 agricola
1506 1546 1828 1609 strenuus
1853 1588 1876 1627 ,
1903 1556 2184 1606 summa
2208 1527 2520 1604 sollertia
2542 1521 2905 1625 praeditus
2922 1577 2944 1616 .,
2973 1520 3208 1591 latum

1066 1656 1374 1730 fundum
1403 1655 1477 1728 in
1518 1653 1671 1729 sola
1697 1666 1924 1751 segete
1978 1651 2320 1725 frumenti
2347 1664 2426 1722 et
2473 1644 2738 1719 uitibus
2773 1664 3204 1740 occupasse,

1060 1777 1189 1850 ubi
1240 1804 1409 1851 sane
1446 1789 1518 1849 et
1580 1776 1854 1849 fructus
1893 1774 2424 1875 pulcherrimus
2462 1784 2534 1845 et
2589 1768 2859 1842 reditus
2915 1762 3200 1837 uberri-

1058 1924 1223 1970 mus
1251 1954 1269 1969 .
1315 1896 1453 1969 Sed
1490 1896 1684 1969 enim
1733 1920 2090 1994 nusquam
2125 1894 2200 1967 in
2229 1918 2315 1967 eo
2355 1916 2518 1965 rure
2577 1891 2755 1963 ficus
2813 1884 3203 1987 pompeia-

1059 2030 1152 2075 na
1181 2060 1205 2095 ,
1240 2001 1357 2076 uel
1383 2001 1597 2075 holus
1648 2000 2000 2077 aricinum
2031 2055 2054 2095 ,
2097 1999 2218 2073 uel
2253 2024 2418 2073 rosa
2458 1996 2801 2070 tarentina
2837 2048 2859 2087 .,
2913 1988 3036 2092 uel¹
3067 2017 3200 2063 ne·-

1056 2150 1219 2197 mus
1252 2150 1640 2198 amoenum
1668 2179 1693 2218 .,
1745 2124 1861 2197 uel
1892 2123 2150 2199 densus
2185 2118 2392 2199 lucus
2417 2176 2444 2215 ,
2491 2118 2610 2197 uel
2663 2116 2996 2220 platanus
3025 2139 3196 2187 um-

1238 2417 1273 2450 *
1318 2418 1419 2484 M.
1470 2418 1649 2485 Laus
1684 2414 2099 2508 eloquentiae
2157 2412 2446 2497 solidae,
2517 2416 2630 2480 cui
2665 2414 2905 2479 desunt
2955 2408 3150 2473 flores
3177 2450 3201 2487 ,

1058 2508 1179 2571 ubi
1228 2505 1405 2573 lutus
1452 2508 1701 2575 fundus
1762 2512 1834 2575 in
1899 2509 2038 2577 sola
2069 2526 2283 2601 segete
2345 2507 2662 2576 frumenti
2693 2524 2758 2572 et
2801 2500 3051 2575 uitibus
3089 2521 3204 2563 oc-

1059 2614 1340 2685 cupatur
1364 2648 1382 2667 .

1038 2872 1115 2953 ⁴1).
1162 2878 1257 2957 37.
1302 2902 1359 2939 n.
1412 2904 1435 2939 ι
1476 2889 1503 2955 )
1543 2880 1767 2950 lector,
1835 2874 1910 2939 <le
1961 2878 2088 2939 ord.
2171 2876 2474 2937 lustratum
2510 2882 2554 2937 l.
2593 2878 2668 2937 25
2707 2895 2856 2941 extat
2897 2893 3198 2963 quoddam

1054 2962 1133 3017 11.
1170 2972 1215 3032 §-
1248 2960 1323 3032 54
1356 2962 1451 3022 his
1488 2964 1718 3023 uerbis:
1752 2971 1858 3043 φη·
1884 2968 1960 3023 de
1989 2987 2093 3024 no-
2170 2962 2450 3022 iudicium
2487 2968 2659 3023 Marci
2698 2967 2878 3043 ipsius
2920 2972 2992 3029 de
3029 2976 3200 3032 Pole-

1050 3044 1143 3101 bis
1162 3049 1309 3105 solet
1325 3050 1568 3109 libenter·
1608 3052 1793 3107 miella
1809 3055 2078 3109 mentiri.
2164 3066 2497 3117 mone3ncc
2527 3069 2641 3105 non
2685 3052 2940 3127 Dionysii
2986 3052 3200 3115 milesii

1091 3209 1105 3221 .
1145 3150 1163 3185 ι
1216 3132 1285 3185 ln
1320 3132 1572 3195 clausula
1606 3130 1886 3209 epistulae
1905 3152 1964 3189 se
1999 3131 2088 3189 di-
2167 3128 2230 3186 in
2260 3129 2550 3188 huiusmet
2585 3132 2704 3189 uita
2739 3134 2895 3210 apud
2947 3142 3200 3199 eundem

1054 3222 1135 3306 cit
1188 3212 1406 3273 Verum
1438 3214 1487 3272 is
1539 3208 1635 3291 qui
1671 3212 1907 3271 scribit.
1952 3218 2074 3272 lam
2159 3210 2574 3271 Philostratum
2597 3218 3200 3293 cap.nn.Polemonis

1051 3314 1240 3369 ipsum
1262 3300 1517 3356 Marcum
1549 3317 1714 3355 usum
1749 3316 1868 3355 esse
1898 3298 2082 3355 nomi·
2159 3316 2395 3371 graecas
2417 3298 2860 3357 declamationes
2881 3320 3199 3380 exaequare

1050 3396 1125 3431 ne
1181 3380 1319 3437 Veri
1355 3423 1373 3450 ,
1418 3382 1605 3438 donec
1638 3382 1854 3455 adepto
1888 3378 2078 3457 impe-
2159 3378 2606 3438 uideturlatinis
2627 3380 2970 3453 Quintiliani
2995 3388 3202 3446 Hiero..

1046 3461 1139 3515 rio
1180 3499 1198 3527 ,
1248 3482 1455 3519 nomen
1516 3461 1669 3520 illud
1719 3463 1778 3519 in
1843 3462 2080 3543 fratrem
2159 3480 2364 3537 nymus
2397 3484 2600 3521 comm.
2639 3464 2716 3524 ad
2755 3463 2885 3523 Gal.
2925 3466 3027 3525 lib.
3083 3473 3195 3531 111-

1048 3543 1345 3599 transtulit
1379 3586 1397 3614 ,
1461 3542 1642 3602 tradit
1713 3542 2075 3623 Capitolinus
2155 3544 2306 3623 prol.
2351 3554 2558 3626 Siquis
2589 3552 2972 3625 eloquentiam
3007 3574 3195 3629 quae-

1046 3642 1161 3685 non
1182 3625 1357 3691 semel
1393 3627 1453 3683 in
1473 3628 1593 3685 eius
1616 3626 1738 3683 uita
1759 3670 1774 3685 .
1808 3627 1958 3687 Satis
1981 3648 2076 3685 au·-
2157 3636 2242 3687 rit
2257 3672 2276 3697 ‚
2295 3634 2390 3689 uel
2407 3632 2929 3697 declamationibus
2943 3632 3198 3694 delecta-

1046 3717 1164 3765 tem
1211 3728 1255 3763 e.
1278 3710 1480 3767 codice
1513 3710 1640 3788 ipso
1676 3710 2070 3786 cognoscitur,
2155 3715 2482 3781 tter-,habet
2496 3721 2558 3773 in
2579 3724 2829 3791 utraque
2847 3718 3055 3791 lingua
3075 3724 3198 3775 De-

1042 3786 1199 3845 hanc
1230 3792 1535 3867 epistulam
1588 3793 1868 3850 contineri
1918 3794 2076 3851 libro
2157 3798 2502 3855 mosthenem
2549 3807 2605 3855 et
2651 3800 2946 3865 Tullium,
3001 3804 3192 3859 Pola-

1042 3873 1099 3929 11
1134 3872 1209 3927 ad
1247 3878 1341 3931 ·M·
1376 3877 1703 3933 Caesarem.
1731 3877 1953 3953 Scripta
1985 3876 2068 3933 ui*
2151 3902 2368 3939 monem
2404 3892 2458 3938 et
2515 3882 2949 3955 Quintilianum
2971 3924 2984 3937 .

1044 3956 1215 4017 detur
1249 3957 1549 4036 Neapoli3
1602 3978 1738 4015 nam
1791 3978 2066 4038 sequens,
2129 3986 2136 3995 ·
2237 3964 2272 4022 3
2327 3961 2504 4021 Marci
2575 3961 2832 4021 studium
2907 3962 3192 4023 audiendi

1019 4057 1187 4113 ‘qnae
1239 4060 1366 4097 cum
1415 4040 1527 4099 hac
1558 4041 1616 4096 in
1655 4042 1860 4099 eodem
1923 4040 2066 4099 solio
2149 4042 2568 4102 declamatores
2618 4056 2860 4111 testatur
2893 4028 3190 4131 Capitoli,-

1038 4122 1398 4179 connectitur
1415 4166 1433 4192 ,
1456 4124 1698 4199 Neapoli
1722 4124 1858 4183 data
1884 4138 2002 4181 est.
2150 4146 2258 4190 nus
2309 4148 2434 4213 cap.
2471 4126 2579 4191 111,

1022 4272 1031 4283 ο
1121 4224 1151 4263 2
1174 4204 1245 4267 ln
1266 4204 1592 4271 Polemonis
1612 4206 1732 4272 uita
1758 4208 1920 4287 apud
1939 4206 2070 4273 Phi*
