3384 5134
1087 438 1226 518 150
1517 470 1614 518 An
1693 466 2145 515 Aaromwunt
2246 463 2809 516 menam-onan

1073 619 1132 670 ἢ,
1192 571 1376 645 Iussi
1423 566 1805 641 caudicem
1850 576 1881 611 ⁸
1917 562 2235 664 proferri
2270 618 2295 657 ‚
2338 563 2464 636 ubi
2504 588 2665 637 mea
2700 562 2930 637 oratio
2966 564 3239 665 scripta

1189 704 1340 767 erat
1369 730 1387 759 -.
1427 686 1535 757 De
1586 708 1666 756 ea
1698 708 1771 756 re
1802 682 2005 780 quod
2038 683 2515 784 sponsionem
2552 682 2867 757 feceram
2900 706 3079 757 eum
3116 684 3236 753 ·M·

1185 800 1526 885 Cornelio
1554 818 1572 853 ¹
1597 860 1616 893 ,
1653 802 1935 877 tabulae
1962 805 2287 905 prolatae
2314 836 2337 875 ε
2370 805 2736 878 maiorum
2762 796 2797 853 ¹³
2830 803 3013 877 hene
3048 802 3235 875 facta

1073 988 1129 1029 „
1187 929 1546 1033 perlecta:
1599 923 1859 997 deinde
1914 950 2095 1024 quae
2149 950 2281 1023 ego
2315 952 2455 1026 pro
2504 952 2579 999 re
2609 952 2687 1026 p.
2744 926 3081 999 fecissem
3124 922 3233 996 le·-

1069 1102 1128 1152 ιη
1188 1066 1447 1153 guntur
1484 1098 1504 1122 -.
1559 1047 1716 1122 Ubi
1753 1047 1833 1120 id
1865 1060 2255 1158 utrumque
2315 1046 2719 1148 perlectum
2764 1062 2873 1151 est
2898 1104 2919 1143 ‚
2976 1046 3237 1121 deinde

1075 738 1133 787 ’π

1073 868 1128 909 Ἡ

1069 1222 1126 1271 5,
1183 1178 1540 1275 seriptum
1567 1169 1813 1243 eratin
1850 1168 2175 1243 oratione
2198 1226 2217 1241 .
2250 1169 2673 1271 Numquam
2696 1195 2825 1267 ego
2851 1171 3237 1269 pecuniam
3348 1204 3350 1207 ⁴

1187 1317 1412 1392 neque
1449 1312 1697 1361 meam
1730 1313 1958 1387 neque
1999 1286 2378 1361 sociorum
2424 1312 2556 1387 per
2607 1286 3089 1361 ambitionem
3126 1288 3237 1361 di-

1069 1472 1128 1512 „
1187 1414 1476 1511 largitus
1525 1436 1686 1483 sum
1711 1465 1730 1479 .
1782 1412 1993 1483 Attat
2032 1420 2063 1457 ⁰
2092 1408 2245 1481 noli
2281 1408 2434 1482 noli
2473 1407 2790 1484 seribere
2814 1462 2836 1501 ‚
2878 1410 3233 1509 inquam3
3292 1489 3301 1498 .

1071 1563 1127 1635 .,·‚
1182 1536 1383 1610 istud
1419 1531 1682 1607 nolunt
1709 1530 1953 1605 audire
1980 1586 2000 1603 .
2056 1530 2335 1604 Deinde
2374 1530 2707 1605 recitauit
2734 1584 2754 1601 .
2812 1530 3014 1603 Num
3048 1554 3233 1631 quos

1075 1690 1132 1756 ᾗ,
1187 1659 1590 1762 praefectos
1625 1681 1758 1757 per
1818 1654 2195 1729 sociorum
2232 1666 2649 1728 uestrorum
2705 1652 2983 1754 oppida
3032 1652 3237 1752 inpo-

1069 1836 1127 1877 „
1183 1770 1360 1874 sini,
1401 1771 1527 1879 qui
1555 1788 1814 1851 eorum
1846 1774 2037 1848 bona
2063 1830 2088 1871 ‚
2118 1774 2387 1849 liberos
2424 1831 2447 1870 ‚
2502 1774 2897 1874 diriperent
2927 1766 2973 1847 ’.Ρ
3026 1772 3232 1846 Istud

1066 1926 1119 1996 ‚3
1176 1925 1467 2002 quoque
1501 1896 1707 1991 delet,
1770 1894 2028 1970 nolunt
2060 1896 2305 1969 audire
2337 1952 2355 1967 .
2406 1897 2659 1969 Recita
2684 1920 2909 1996 porro
2941 1952 2960 1967 .
2997 1896 3067 1967 N
3071 1922 3229 1967 um-

1071 2074 1129 2119 „
1185 2046 1408 2123 quam
1455 2042 1585 2117 ego
1619 2012 1968 2117 praedam
1998 2072 2023 2110 ‚
2074 2042 2301 2117 neque
2350 2015 2549 2116 quod
2586 2015 2675 2089 de
2724 2014 3059 2089 hostibus
3100 2040 3223 2086 ca-

1067 2194 1120 2235 „
1176 2153 1390 2242 ptum
1415 2151 1622 2230 esset,
1657 2160 1887 2237 neque
1920 2136 2295 2211 manubias
2318 2148 2351 2187 2
2376 2137 2563 2211 inter
2582 2136 2931 2237 pauculos
2946 2136 3227 2209 amicos·

1077 2311 1132 2357 ‚.,
1190 2286 1392 2334 meos
1421 2256 1640 2332 diuisi
1673 2312 1694 2351 ‚
1732 2271 1813 2330 ut
1842 2254 1983 2328 illis
2012 2257 2367 2358 eriperem
2419 2257 2545 2359 qui
2582 2258 2937 2357 cepissent
2978 2312 2996 2328 .
3024 2258 3226 2329 Istuc

1069 2416 1126 2479 4,
1167 2405 1456 2484 quoque
1483 2379 1640 2455 dele
1667 2434 1686 2449 .
1726 2376 1977 2452 Nihilo
2000 2371 2041 2427 d
2074 2381 2315 2454 minus
2347 2379 2608 2454 uolunt
2630 2378 2823 2473 diei3
2856 2404 3007 2466 non
3042 2404 3225 2478 opus

1067 2557 1119 2597 .‚,
1172 2516 1322 2597 est.)
1361 2501 1666 2573 recitato
1700 2538 1729 2567 .·
1747 2498 2174 2599 Numquam
2204 2525 2337 2597 ego
2369 2500 2822 2572 euectionem
2854 2490 2889 2549 3
2926 2496 3179 2570 dataui
3202 2552 3227 2591 .,

1067 2640 1124 2719 ‚'‚
1181 2648 1328 2723 quo
1365 2618 1584 2693 amici
1609 2617 1756 2689 mei
1780 2640 1913 2717 per
1947 2617 2330 2717 symbolos
2356 2630 2389 2665 θ
2418 2620 2759 2719 pecunias
2782 2644 3074 2717 magnas
3110 2644 3231 2692 ca-

1055 2748 1123 2839 „'
1169 2752 1420 2841 perent
1448 2794 1465 2808 .
1525 2736 1745 2835 Perge
1778 2736 1964 2808 istuc
2006 2762 2293 2838 quoque
2326 2737 2431 2809 uti
2478 2762 2649 2812 cum
2710 2740 3030 2845 maxime
3086 2738 3229 2811 de·-

1061 2916 1118 2957 .,‚
1175 2856 1366 2933 lere.
1400 2858 1821 2956 Numquam
1854 2881 1985 2955 ego
2049 2871 2424 2955 argentum
2458 2887 2595 2960 pro
2630 2862 2803 2933 uino
2856 2864 3229 2960 congiario

1053 3036 1112 3109 ’.’
1167 2977 1353 3053 inter
1405 2974 1855 3077 apparitores
1894 2988 2105 3075 atque
2144 2979 2427 3053 amieos
2466 3006 2671 3055 meos
2712 2981 2987 3055 disdidi
3018 3038 3041 3075 .,
3102 3010 3229 3053 ne-

1055 3156 1114 3195 „
1167 3125 1307 3200 que
1339 3125 1462 3171 eos
1489 3095 1683 3169 malo
1720 3094 2023 3197 publico
2058 3096 2319 3171 diuites
2356 3098 2541 3171 feci.
2578 3101 2971 3175 Enimuero
3000 3128 3229 3202 usque

1050 3276 1109 3350 '’.
1165 3216 1351 3294 istuc
1373 3218 1467 3292 ad
1495 3218 1773 3317 lignum
1798 3216 2005 3290 dele.
2055 3219 2243 3293 Uide
2276 3221 2367 3293 sis
2394 3248 2539 3324 quo
2576 3222 2752 3297 loco
2782 3250 2891 3297 res
2922 3250 3000 3324 p.
3037 3224 3223 3319 siet,

989 1349 1127 1413 =·›·1

1117 3388 1153 3419 a
1187 3366 1263 3420 Ita
1309 3386 1358 3423 2.
1401 3384 1593 3431 nunu3
1635 3386 1686 3422 at
1739 3386 1782 3421 1.
1820 3368 2141 3421 claudicem.
2213 3367 2243 3419 b
2276 3370 2709 3424 cod.ma10rum.
2778 3388 2810 3422 c
2846 3371 2924 3439 Ιμι
2982 3370 3227 3421 0011.oe-

1045 3450 1155 3501 tat,
1199 3460 1298 3491 non
1334 3454 1390 3490 at
1417 3454 1508 3494 σε.
1545 3444 1730 3511 Utique
1757 3443 1895 3509 prior
1926 3443 2164 3506 scriptur·
2212 3442 2264 3491 'm
2302 3444 2515 3513 antiqui·
2556 3444 2843 3496 auctoribus
2872 3440 3009 3492 haud
3030 3444 3229 3495 insolita

1046 3528 1135 3565 est.
1204 3512 1242 3561 d
1281 3513 1356 3563 Ita
1375 3513 1486 3565 cod.
1523 3532 1624 3564 non
1643 3514 1801 3564 saluit.
1872 3531 1903 3561 e
1934 3513 2011 3563 Ita
2038 3511 2150 3563 eod.

1126 3640 1148 3676 π
1198 3620 1332 3679 Sine
1368 3621 1550 3680 dubio
1591 3622 1690 3682 hic
1740 3636 1826 3681 est
1856 3624 2086 3679 Cornc—
2167 3622 2346 3681 Gell.
2371 3628 2619 3693 mmuh,
2640 3626 2721 3703 ίῳ
2744 3636 2808 3683 ut
2832 3622 3069 3681 demum
3084 3642 3222 3681 con·-

1032 3699 1184 3772 lius»,
1240 3716 1438 3762 contra
1473 3726 1644 3781 quem
1693 3702 1901 3764 habuit
1946 3724 2084 3761 ora·
2170 3706 2368 3763 cludat
2399 3748 2416 3773 ,
2456 3710 2743 3783 praedam
2791 3705 2909 3763 dici
2967 3726 3223 3782 corpora

1035 3786 1254 3843 tionem
1316 3784 1474 3863 apud
1523 3782 1811 3864 populuni
1882 3790 2083 3863 Cato,
2169 3789 2294 3864 ipsa
2330 3808 2567 3859 rerum,
2616 3810 2762 3867 quae
2816 3802 2984 3863 capta
3030 3803 3219 3867 sunt-5

1035 3882 1272 3929 auctore
1307 3872 1478 3927 Festo
1514 3891 1640 3929 uoc.
1680 3874 2000 3949 repulsior.
2170 3874 2476 3931 manubias
2528 3892 2665 3931 uero
2706 3870 2997 3951 appellari
3034 3892 3223 3949 pecu-

1115 3973 1148 4013 ἰ
1195 3946 1589 4010 confirmatur
1638 3954 1781 4011 hin‘c
1846 3952 2106 4027 egregia.
2164 3954 2317 4011 niam
2355 3974 2386 4010 a
2432 3972 2735 4032 quaestore
2770 3977 2838 4013 ex
2872 3956 3219 4014 uenditione

1034 4030 1298 4091 doctrina
1321 4034 1396 4093 de
1417 4032 1739 4094 differentia
1760 4037 2083 4113 interprae-
2162 4038 2419 4113 praedae
2453 4040 2792 4097 redactam.

1029 4117 1173 4177 dam
1197 4131 1253 4174 et
1285 4118 1590 4179 manubias
1617 4144 1630 4175 ε
1669 4140 1782 4195 qua
1804 4138 1983 4194 super
2014 4133 2079 4177 re
2244 4120 2280 4180 3
2326 4120 2636 4197 Diploma,
2670 4142 2785 4198 quo
2818 4140 2955 4181 usus
2990 4112 3229 4203 publicie

1023 4200 1311 4277 perdocte
1380 4200 1642 4278 disputat
1698 4201 2020 4259 Fauorinus
2055 4244 2073 4270 ,
2162 4222 2361 4265 cursus
2396 4205 2861 4269 concedebatur.

1019 4284 1334 4347 frontonis
1353 4286 1539 4347 nostri
1559 4285 1866 4349 familiaris
1878 4328 1897 4361 ,
1918 4284 2077 4368 apud
