3384 5134
1143 471 1284 525 XV!

1164 567 1227 623 in
1265 561 1429 624 'textu
1462 575 1652 624 autem
1687 564 1976 634 «leterius,
2021 559 2361 620 inclinatum
2414 571 2473 617 et
2506 558 2689 619 rude:
2734 559 2895 635 quod
2930 576 3100 617 omne
3124 581 3267 619 con-

1167 677 1260 722 tra
1300 663 1363 720 in
1393 662 1817 739 antiquioribus
1854 660 2153 720 codicibus
2184 659 2252 718 fit
2283 700 2300 717 .
2342 656 2529 716 Tituli
2596 675 2839 734 operum
2870 655 3269 714 frontoniano-

1165 781 1296 818 rum
1355 771 1478 818 tum
1525 757 1697 816 initio
1748 771 1869 817 tum
1920 758 1981 815 in
2034 755 2192 815 calce
2240 741 2527 814 librorum
2578 751 2913 812 scribuntur
2960 750 3274 812 maioribus

1167 856 1340 915 solito
1391 854 1644 913 litteris:
1702 866 1761 912 ct
1806 853 1893 912 sic
1936 851 2234 912 interdum
2284 850 2669 929 praefationes
2720 869 2948 927 quoque
2992 847 3276 929 epistula-

1165 971 1298 1008 rum
1335 994 1348 1008 .
1413 952 1500 1008 De
1561 948 1776 1010 codicis
1832 949 2205 1007 emendatore
2271 958 2330 1004 et
2394 944 2705 1006 scholiaste
2785 945 3043 1005 Caecilio
3098 943 3272 1004 verba

1171 1043 1236 1126 in
1277 1044 1406 1103 loco
1439 1041 1553 1103 feci
1591 1051 1721 1118 (ηε
1760 1057 1820 1102 et
1854 1043 2091 1122 quidem
2132 1043 2183 1102 is
2220 1040 2483 1101 codicem
2528 1062 2647 1102 non
2696 1040 2884 1100 solum
2930 1060 2965 1098 a
3014 1039 3273 1110 mendis,

1165 1140 1383 1219 partim
1433 1139 1680 1213 saltem,
1730 1141 2008 1220 purgavit
2039 1183 2059 1209 ,
2118 1159 2321 1200 verum
2372 1139 2549 1198 etiam
2584 1183 2603 1211 ,
2672 1137 2913 1198 conlatis
2976 1135 3273 1214 exempla-

1167 1239 1332 1299 ribus
1362 1284 1381 1311 ‚
1432 1243 1715 1301 varietate
1758 1239 1953 1316 aliqua
1999 1238 2315 1297 lectionum
2368 1237 2600 1298 ornavit
2652 1243 2745 1308 (a)
2769 1282 2784 1296 .
2830 1234 3153 1308 Quominus
3184 1246 3277 1290 ta·-

1167 1359 1300 1396 meu
1338 1328 1777 1417 ‘autographam
1836 1357 1959 1396 esse
2008 1347 2208 1415 putem
2258 1335 2502 1394 Caecilii
2576 1335 2919 1412 scripturam
2960 1333 3102 1390 satis
3162 1331 3268 1390 de-

1165 1448 1391 1494 terreor
1438 1435 1815 1494 multitudine
1858 1455 2121 1493 errorum
2170 1432 2269 1511 qui
2320 1431 2515 1492 adhuc
2580 1443 2911 1492 contextum
2976 1427 3275 1499 obsident3

1169 1543 1295 1590 tum
1345 1531 1518 1590 etiam
1567 1531 1707 1608 quia
1737 1530 2073 1590 lemmatum
2122 1529 2549 1608 orthographia
2592 1547 2765 1606 saepe
2798 1527 2999 1585 differt
3053 1547 3088 1582 a
3120 1525 3279 1583 fron·

1169 1627 1404 1684 toniana
1440 1669 1453 1682 .
1503 1625 1811 1685 Librorum
1864 1627 2117 1706 quinque
2160 1625 2238 1684 ad
2276 1631 2375 1686 ·M·
2416 1630 2719 1687 Caesarem
2768 1623 2929 1684 tituli
2970 1637 2999 1699 (
3034 1633 3277 1701 excepto

1177 1733 1456 1802 quantum
1491 1723 1725 1780 memini
1750 1725 1983 1803 primo)
2006 1725 2067 1781 in
2086 1724 2202 1782 oria
2224 1743 2451 1801 quoque
2484 1723 2721 1782 summis
2744 1721 2963 1782 codicis
2994 1733 3280 1798 perpetuo

1171 1821 1510 1879 scribuntur
1543 1820 1759 1880 litteris
1788 1821 1967 1900 paulo
2002 1819 2360 1892 minoribus,
2401 1821 2509 1878 etsi
2530 1820 2722 1898 specie
2754 1819 3045 1878 contextui
3076 1817 3283 1875 simili-

1173 1917 1280 1977 bus
1315 1929 1486 1994 atque
1516 1916 1814 1996 pulchris.
1853 1918 2137 1996 Reliquae
2174 1918 2393 1978 codicis
2424 1937 2680 1978 summae
2726 1937 2865 1978 orae
2896 1915 3013 1974 suia
3048 1915 3237 1974 titulis
3264 1959 3283 1987 ,

1175 2015 1336 2090 quod
1365 2014 1490 2074 iure
1527 2016 1737 2074 mirere
1759 2059 1779 2088 ,
1822 2031 2021 2076 carent
2042 2059 2057 2073 .
2102 2017 2197 2076 Sic
2252 2017 2313 2074 in
2360 2015 2544 2076 Tullii
2579 2013 2778 2074 codice
2812 2014 2887 2072 de
2928 2034 2993 2071 re
3025 2032 3089 2091 p.
3126 2012 3281 2073 tertii

1176 2106 1317 2166 libri
1352 2130 1607 2170 summae
1644 2112 1904 2190 paginae
1935 2125 2143 2172 vacant
2183 2112 2397 2184 titulo,
2442 2113 2547 2172 etsi
2584 2112 2646 2169 in
2680 2109 2839 2172 calce
2866 2111 3107 2169 secundi
3142 2108 3281 2170 libri

1181 2205 1390 2264 titulus
1438 2227 1666 2286 quoque
1742 2210 1895 2268 tertii
1952 2211 2286 2290 incipientis
2336 2224 2423 2270 est
2456 2251 2473 2266 .
2518 2209 2913 2289 Epistularum
2964 2208 3251 2268 clausulae
3262 2251 3285 2280 ,

1179 2305 1302 2364 sive
1348 2304 1801 2385 subscriptiones
1832 2351 1851 2378 ‚
1896 2307 2111 2368 litteris
2157 2309 2501 2386 plerumque
2541 2307 2863 2368 minoribus
2882 2349 2901 2377 ,
2952 2307 3063 2365 aad
3096 2320 3282 2365 tamen

1177 2398 1436 2459 eiusdem
1477 2403 1744 2479 generis,
1782 2401 2201 2474 conficiuntur5
2237 2403 2374 2461 ideo
2408 2403 2653 2462 fortasse
2684 2403 2822 2481 quia
2852 2402 2967 2461 hae
3000 2401 3289 2462 clausulae

1177 2497 1240 2554 in
1267 2496 1410 2575 ipsis
1441 2497 1819 2576 autographis
1866 2520 2040 2558 manu
2072 2501 2351 2578 propria,
2400 2513 2575 2578 atque
2616 2499 2839 2568 idcirco
2876 2491 3285 2558 minutioribus

1179 2591 1382 2650 formis
1417 2634 1436 2662 ,
1489 2593 1564 2652 ab
1614 2594 1996 2672 epistularum
2046 2597 2377 2656 auctoribus
2441 2597 2685 2685 adpingi
2753 2594 3019 2655 solebant
3076 2603 3295 2674 (quem

1186 2685 1406 2746 deinde
1447 2709 1663 2747 morem
1704 2709 2075 2750 amanuenses
2108 2693 2383 2772 religiose
2416 2692 2667 2752 tenuisse
2696 2691 3059 2768 videntur).
3114 2693 3187 2753 ld
3224 2713 3295 2750 ne

1185 2795 1406 2842 temere
1436 2788 1697 2866 suspicer
1714 2830 1735 2859 ,
1780 2788 2003 2848 faciunt
2035 2789 2213 2850 verba
2248 2791 2549 2850 cuiusdam
2582 2791 2871 2850 rhetoris:
2906 2793 3297 2854 absa-vahan

1197 2893 1427 2942 velens
1469 2885 1809 2944 karissimis
1840 2907 1953 2946 sua
1980 2907 2157 2948 manu
2202 2892 2459 2950 seribere
2470 2931 2489 2960 ,
2524 2895 2627 2950 vel
2656 2893 2982 2971 plurimum
3026 2889 3295 2950 subscri-

1185 2977 1354 3038 bere.
1391 2981 1538 3039 Sunt
1576 2993 1766 3040 tamen
1800 2983 2085 3059 quaedam
2122 2983 2426 3062 epistulae,
2461 3005 2608 3061 quae
2638 2984 3162 3064 subscriptionibus
3197 3005 3291 3044 ca-

1191 3090 1320 3160 rent
1343 3117 1359 3135 .
1407 3078 1670 3156 Denique
1709 3080 1784 3138 de
1814 3091 2006 3139 aetate
2038 3080 2259 3145 codicia
2290 3080 2644 3144 frontoniani
2666 3081 3081 3160 quid-dictust
3110 3081 3297 3140 Enim-

1188 3195 1325 3235 vero
1376 3179 1526 3238 nihil
1575 3181 1862 3260 impedit,
1904 3181 2209 3259 quominus
2253 3201 2383 3239 eum
2418 3175 2874 3256 antiquissimum
2926 3198 3051 3254 asse
3094 3179 3294 3240 creda-

1187 3291 1314 3332 mus
1341 3298 1364 3344 3
1423 3275 1618 3334 natale
1673 3291 1885 3340 tamen.
1908 3279 2204 3338 saeculum
2248 3277 2491 3337 definire
2548 3297 2668 3336 non
2722 3277 2913 3336 audeo
2953 3301 2970 3333 =
3032 3277 3085 3335 si
3146 3274 3292 3335 enim

1197 3371 1390 3430 dicam
1438 3373 1891 3434 vetustissimum
1916 3417 1937 3446 ,
1982 3375 2415 3436 adfectionibus
2492 3387 2669 3453 atque
2716 3372 3091 3453 opinionibus
3156 3370 3295 3430 meis

1187 3470 1384 3530 favere
1417 3469 1589 3529 nimis
1621 3471 1863 3542 viden-3
1900 3469 1991 3530 sin
2020 3471 2307 3550 sequioris
2344 3471 2546 3530 aetatis
2562 3511 2582 3542 ,
2618 3484 2822 3530 contra
2858 3467 3038 3527 animi
3070 3481 3299 3527 senten-

1186 3568 1331 3626 tiam
1361 3565 1604 3644 loquar.
1649 3569 1817 3627 Hanc
1862 3567 2046 3647 igitur
2078 3568 2475 3646 quaestionem
2507 3568 2571 3625 in
2603 3567 2875 3647 pluribus
2916 3564 3035 3624 iam
3076 3562 3294 3624 codici-

1188 3663 1301 3724 bus
1335 3685 1370 3722 a
1409 3683 1502 3723 mo
1567 3664 1912 3726 ventilatam
1952 3665 2465 3744 comperendinare
2497 3685 2653 3725 nunc
2700 3661 2907 3724 saltem
2954 3660 3135 3722 liceat
3155 3699 3175 3718 .

1169 3855 1265 3930 (ι)
1298 3856 1382 3922 ΑΔ
1419 3855 1508 3910 M.
1549 3861 1687 3912 Gaes-
1730 3859 1830 3914 111.
1876 3861 1965 3916 fin-
2034 3858 2127 3936 (a)
2170 3865 2264 3920 rl’.
2316 3877 2399 3930 14-
2455 3829 2663 3932 480'49.
2694 3831 2785 3934 >0-
2836 3865 2921 3919 800
2960 3865 3049 3929 84-
3085 3862 3171 3934 28·
3210 3867 3313 3911 ιοο.

1179 3945 1298 3989 ⁸02.
1339 3945 1452 4000 ⁸⁰⁴·
1493 3943 1607 4000 ως.
1637 3931 1752 3990 ιόο.
