3384 5134
1097 406 1238 501 148
1531 430 1624 481 An
1714 430 2156 483 Axi-ommni
2238 432 2781 483 mamm-oanni

1085 552 1226 626 que
1249 550 1500 599 amore
1534 526 1957 627 quempiam
1992 525 2275 626 deperit
2314 542 2345 576 ⁸
2378 585 2401 622 .,
2434 529 2589 599 eius
2626 528 2848 600 etiam
2872 526 3183 601 neuolos
3220 519 3263 575 ¹³

1083 646 1399 719 sauiatur
1437 657 1456 692 ¹
1487 646 1508 714 ’.
1565 642 1707 717 Sed
1738 644 1919 717 mihi
1959 644 2172 717 cmde
2199 700 2221 741 ‚
2253 645 2783 747 amplissimum
2821 660 2888 717 te
2928 647 3079 717 iarn
3100 656 3265 716 “tc-

1081 794 1252 840 nere
1282 769 1356 839 in
1379 767 1787 866 eloquentia
1813 764 2065 841 locum
2094 823 2117 861 .‚
2148 767 2492 868 breuique
2524 793 2897 841 summum
2932 768 3085 841 eius
3126 790 3261 839 ca-

1083 911 1348 960 cumen
1377 886 1749 987 aditurum
1771 945 1792 984 ‚
1818 889 2381 990 locuturumque
2407 889 2571 962 inde
2600 888 2989 963 nobiscum
3024 888 3121 961 de
3143 886 3265 961 lo-

993 1020 1000 1027 ·
1081 1030 1175 1080 co
1233 1008 1656 1107 superiore3
1698 1032 1833 1083 neo
1888 1007 2167 1081 tantulo
2206 1010 2579 1110 superiore
2614 1066 2639 1105 .,
2700 1024 2971 1111 quanto
3017 1022 3260 1081 rostra

1080 1128 1246 1202 foro
1299 1141 1372 1200 et
1425 1127 1735 1201 comitio
1780 1128 2183 1203 excelsiora
2224 1146 2435 1227 sunt3
2480 1130 2609 1204 sed
2643 1146 2911 1233 quanto
2958 1127 3253 1201 altiores

1081 1263 1457 1323 antemnae
1480 1264 1648 1331 sunt
1675 1276 1901 1353 prora
1924 1236 2045 1325 ‘uel
2080 1254 2327 1352 potius
2362 1254 2599 1327 carina
2622 1310 2640 1325 .
2682 1252 3083 1352 Praecipue
3114 1278 3253 1323 au-

1083 1382 1234 1441 tem
1281 1368 1554 1467 gaudeo
1588 1380 1656 1441 he
1684 1370 1903 1450 uerba
1941 1396 2095 1445 non
2124 1372 2343 1445 obuia
2376 1372 2689 1473 arripere
2730 1425 2754 1467 .,
2802 1370 2927 1443 sed
2960 1370 3251 1471 optima

1073 1515 1412 1589 quaerere
1447 1544 1465 1561 .
1531 1472 1699 1563 Hoc
1728 1489 1924 1563 enim
1960 1488 2181 1564 distat
2232 1518 2562 1565 summus
2596 1504 2845 1565 orator
2868 1519 2905 1564 a
2942 1490 3247 1563 medio-
3340 1440 3342 1541 i

1081 1608 1329 1682 eribus
1354 1664 1376 1705 ‚
1416 1609 1622 1708 quod
1653 1609 1872 1681 ceteri
1904 1608 2113 1683 facile
2146 1612 2467 1685 contenti
2504 1624 2673 1685 sunt
2702 1610 2941 1683 uerbis
2976 1608 3245 1701 bonis;
3342 1648 3344 1673 2

1079 1753 1412 1803 summus
1451 1744 1701 1805 orator
1740 1755 1891 1804 uon
1928 1745 2037 1805 est
2068 1732 2281 1807 bonis
2334 1746 2717 1805 contentus
2752 1785 2775 1823 .‚
2810 1729 2873 1805 si
2906 1728 3055 1803 sint
3102 1726 3243 1801 ulla

1079 1845 1386 1921 meliora
1419 1902 1438 1919 .
2084 1936 2093 1943 ⁵

1285 1970 1422 2043 Sed
1449 1970 1626 2045 haec
1661 1984 1863 2046 certo
1888 1968 2061 2045 loco
2084 1994 2172 2045 ac
2196 1984 2525 2073 tempore
2546 1966 2878 2071 pluribus
2910 1964 3025 2043 uel
3052 1967 3237 2043 scri-

1071 2089 1328 2163 bemus
1365 2093 1458 2165 ad
1489 2108 1556 2167 te
1591 2150 1614 2189 ‚
1649 2092 1769 2167 uel
1805 2119 2060 2168 coram
2094 2092 2599 2195 colloquemur
2626 2084 2667 2141 d
2694 2147 2715 2164 .
2758 2094 2865 2165 Ut
2894 2089 3191 2165 uoluisti
3214 2144 3235 2183 ‚

1069 2212 1386 2285 Domine
1411 2270 1435 2309 ‚
1467 2226 1542 2287 et
1569 2230 1648 2289 ut
1673 2214 2013 2289 ualetudo
2046 2242 2203 2289 mea
2228 2212 2691 2314 postulabat,
2726 2212 2937 2287 domi
2960 2212 3235 2303 mansi3

1073 2329 1350 2433 tibique
1403 2360 1568 2409 sum
1625 2350 1961 2436 precatus
1988 2348 2018 2385 e
2054 2388 2079 2425 .,
2134 2350 2219 2408 ut
2254 2332 2529 2408 multos
2565 2333 2719 2405 dies
2752 2332 3017 2405 natales
3044 2330 3229 2403 libe·-

1072 2478 1240 2527 rum
1281 2468 1575 2529 tuorum
1613 2484 1965 2558 prospere
1996 2456 2310 2530 celebres
2344 2512 2363 2527 .
2398 2451 2615 2528 Pullo
2646 2468 2891 2527 nostro
2936 2452 3240 2525 tussicu-

1069 2571 1219 2646 lam
1243 2566 1638 2650 fsedauerit
1667 2593 1741 2651 et
1764 2578 1916 2651 dies
1951 2560 2426 2670 clementior,
2461 2592 2537 2651 et
2572 2575 2813 2649 nutrix
2844 2574 3003 2645 eius
3034 2571 3100 2647 si
3142 2571 3237 2643 ci-

1063 2690 1178 2763 bis
1231 2694 1633 2791 aptioribus
1679 2694 2015 2772 ueseatur
2048 2751 2065 2767 .
2122 2698 2385 2771 Omnia
2419 2698 2618 2770 enim
2654 2695 2975 2769 remedia
3022 2707 3235 2792 atque

1065 2831 1323 2883 omnes
1362 2821 1402 2876 8
1437 2814 1761 2889 medelae
1790 2816 2083 2891 fouendi
2106 2807 2147 2865 ¹¹
2172 2818 2561 2891 infantium
2587 2815 2912 2891 saucibus
2945 2814 3021 2887 in
3050 2812 3237 2885 lacte

1074 2940 1242 3005 ‘sunt
1276 2930 1453 3005 sitae
1484 2926 1525 2966 *
1545 2944 1575 2983 2
1615 2988 1636 3007 .

1157 3212 1166 3221 .
1255 3162 1286 3193 ⁴¹
1337 3163 1446 3272 M.-
1485 3162 1735 3271 pmnia
1782 3168 2141 3236 infantium
2194 3170 2488 3236 remedia
2547 3170 2671 3237 sita
2726 3184 2881 3236 sunt
2928 3168 3001 3233 in
3060 3168 3231 3235 lacte

1262 3274 1548 3324 nun-lma
1578 3304 1595 3329 ,

1134 3494 1170 3525 a
1207 3474 1332 3527 Cod.
1362 3477 1555 3527 dederit
1573 3496 1591 3540 3
1611 3480 1694 3529 sed
1728 3484 1780 3531 in
1820 3484 2037 3551 margine
2062 3480 2252 3552 deperio
2274 3520 2287 3533 .
2358 3482 2389 3533 b
2424 3482 2501 3532 Ita
2536 3482 2639 3535 elne
2658 3484 2965 3555 diphthongo
2992 3484 3105 3535 heic
3124 3492 3235 3538 etin

1047 3548 1282 3615 'margine
1303 3584 1317 3598 .
1389 3564 1418 3597 c
1455 3550 1576 3601 eod.
1593 3549 1726 3603 Iam.
1778 3552 1817 3601 d
1836 3554 1913 3603 Ita
1932 3552 2041 3604 cod.
2070 3568 2113 3603 ι.
2132 3571 2303 3613 ninum
2320 3554 2529 3604 secunda
2566 3572 2731 3605 autem
2756 3552 3109 3625 conloqmmuu·
3130 3595 3145 3608 .
3178 3562 3235 3609 Et

1051 3618 1265 3683 quidem
1304 3634 1426 3683 puto
1472 3624 1534 3670 ab
1575 3621 1684 3672 afro
1728 3624 1977 3674 Frontone
2002 3626 2239 3690 scriptum
2274 3624 2425 3675 fuis-e
2446 3624 2774 3692 colloquemur
2804 3630 2877 3689 (a
2904 3628 3121 3682 Caecilio
3145 3649 3234 3679 ιιι-

1057 3704 1158 3737 tem
1183 3722 1198 3743 ‚
1238 3690 1340 3738 siue
1379 3688 1486 3739 afro
1537 3694 1639 3743 due
1684 3710 1857 3754 secus,
1892 3694 2242 3763 conloqreemur
2266 3732 2281 3754 ,
2318 3714 2453 3746 more
2490 3714 2692 3747 romano
2714 3700 2772 3769 .)
2810 3700 3031 3767 Namque
3064 3701 3234 3751 Isido-

1056 3776 1144 3809 rus
1185 3760 1306 3828 orig.
1341 3760 1381 3810 I.
1429 3764 1491 3811 32
1531 3762 1676 3813 docet
1732 3783 1853 3823 noo,
1895 3764 2250 3821 labdacismum
2288 3766 2435 3817 faisse
2472 3766 2709 3817 Afrorum
2754 3773 3043 3837 proprium,
3102 3788 3233 3827 utens

1055 3826 1156 3878 boc
1193 3829 1298 3894 ipso
1339 3832 1566 3897 exemplo
1606 3832 1905 3904 colloquium
1948 3854 2041 3900 pro
2081 3836 2401 3908 conloquc’um
2428 3878 2441 3890 .
2511 3858 2539 3887 e
2575 3839 2697 3889 Cod.
2724 3854 2997 3910 praecatus
3017 3882 3033 3897 .
3090 3838 3141 3915 f
3164 3844 3235 3893 Ιιι

1059 3902 1170 3955 cod.
1197 3900 1306 3952 heic
1352 3918 1402 3952 et
1449 3905 1597 3970 paulo
1637 3906 1895 3972 pont30ed
1926 3910 2017 3959 uh.
2056 3922 2165 3962 ιω.
2213 3926 2289 3962 11.
2330 3908 2549 3962 tussicula
2584 3926 2701 3959 oum
2740 3914 2965 3967 uniens.
3036 3930 3079 3982 g·
3114 3914 3239 3965 Cod.

1046 3968 1090 4019 ²·
1125 3973 1295 4022 Malim
1324 3967 1558 4042 fatendis
1576 4014 1592 4027 .

1141 4114 1165 4149 ι
1217 4096 1434 4155 Confer
1468 4100 1594 4157 Cic.
1632 4104 1703 4159 N.
1744 4105 1813 4159 D.
1854 4103 2018 4167 1.28.
2186 4102 2335 4166 tonis
2374 4106 2673 4188 aequalem
2723 4108 2835 4169 hac
2866 4110 2988 4175 sere
3044 4116 3123 4175 de
3171 4138 3230 4176 re

1133 4194 1169 4237 2
1213 4180 1451 4255 Legesis
1513 4184 1871 4245 Fauorinum
1910 4190 2105 4247 Fron-
2188 4188 2583 4267 disputantem
2628 4192 2787 4270 apud
2824 4195 2983 4254 Gell.
3020 4196 3227 4274 XII-1,
