3384 5134
1014 492 1178 542 XXX

1199 577 1510 640 Frontonis
1563 572 1825 635 edictum
1893 569 2055 631 ludis
2124 565 2483 627 cir-censibus
2550 563 2618 620 in
2680 579 2786 618 suo
2856 559 3165 620 consulatu

1033 683 1440 763 propositum,
1487 699 1604 756 quo
1633 674 1851 753 gratias
1885 671 1993 732 Pio
2025 678 2273 746 augusto
2307 663 2551 742 agebat.
2592 665 2693 722 Ad
2728 665 2830 720 M.
2874 665 3043 720 Caes.
3082 659 3163 720 11,

1041 787 1098 852 4.
1145 775 1300 838 Eius
1329 775 1506 835 edicti
1545 772 1777 831 initium
1828 779 1992 828 extat
2030 765 2179 824 ibid.

1201 876 1430 936 Fabula
1479 869 1862 938 Polemonis,
1872 887 2081 946 quam
2130 885 2165 920 a
2216 882 2277 919 se
2326 856 2567 918 facete
2550 877 2611 913 m
2652 850 2862 931 piimis
2914 872 3159 928 compo-

1037 977 1206 1036 sitam
1261 975 1349 1034 ait
1379 977 1598 1032 Fronte
1647 971 1795 1041 (ad
1812 973 1916 1026 .M
1970 963 2589 1033 Caes-11.1.)pars
2623 955 2868 1012 sortasse
2918 949 3165 1006 alicuius

1037 1071 1324 1134 orationis
1375 1068 1537 1128 suit..
2115 1121 2123 1128 ‚

1205 1167 1403 1228 Somni
1436 1166 1645 1224 laudes
1679 1159 1992 1225 videntur'
1973 1180 2037 1216 in
2070 1159 2323 1235 quadam
2359 1149 2672 1214 Frontonis
2692 1125 2943 1228 epistula
2963 1156 3169 1224 (prae-

1039 1281 1133 1328 ter
1165 1281 1257 1326 tei
1261 1268 1399 1324 tiam
1449 1264 1800 1335 alsiensem)
1856 1261 2144 1319 extitisse.
2184 1259 2289 1318 Ad
2330 1262 2437 1316 M.
2483 1259 2653 1314 Caes.
2705 1253 2750 1308 1.
2800 1251 2889 1310 3

1207 1360 1577 1424 ciceroniani
1619 1361 1761 1422 libri
1798 1358 2063 1418 adnotati
2116 1377 2147 1416 a
2180 1377 2241 1416 se
2278 1398 2294 1426 ,
2332 1375 2478 1432 quos
2519 1353 2581 1411 in
2614 1349 2831 1428 vulgus
2877 1351 3035 1405 exire
3066 1363 3173 1402 no·-

1044 1460 1244 1534 lebat‚
1301 1471 1699 1520 memorantur
1748 1478 1781 1515 a
1832 1459 2129 1517 Frontone
2170 1457 2256 1514 ad
2296 1476 2409 1514 am.
2450 1454 2527 1509 11.
2582 1471 2638 1508 α.

1213 1560 1442 1618 Graeca
1499 1554 1789 1614 carmina.
1848 1563 1875 1626 (
1910 1556 2013 1613 Ad
2050 1561 2140 1614 M.
2200 1559 2377 1611 Caes.
2431 1551 2479 1606 1.
2516 1549 2574 1608 3.
2608 1554 2636 1620 )
2675 1546 2747 1602 ln
2794 1561 3002 1619 graeca
3036 1535 3175 1614 qni-

1047 1657 1183 1716 dem
1219 1655 1560 1733 anthologia
1595 1653 1797 1731 (Lips.
1818 1659 2248 1724 uncccxuu.)
2278 1671 2389 1709 ιη.
2437 1651 2567 1728 174.
2594 1645 2711 1706 233
2740 1637 3051 1700 Frontonis
3078 1655 3173 1692 oc·-

1050 1767 1294 1816 currunt
1327 1757 1745 1834 epigrammata
1784 1755 1957 1826 duo,
1992 1753 2341 1830 quicumque
2389 1749 2623 1808 demum
2663 1745 2714 1802 is
2748 1745 2967 1800 Fronto
3003 1749 3088 1793 est
3109 1775 3127 1790 .

1213 1857 1418 1916 Artem
1465 1853 1787 1933 imaginum
1838 1851 2283 1913 scribendarum
2324 1849 2683 1910 traditurum
2745 1862 2807 1902 se
2856 1839 3176 1915 diligenter

1049 1966 1109 2012 et
1161 1952 1460 2013 subtiliter
1507 1950 1800 2031 promittit
1848 1953 2073 2009 Fronto
2129 1953 2211 2011 ad
2262 1957 2365 2010 .M.
2420 1957 2589 2009 caes.
2628 1944 2733 2002 111
2786 1940 2842 1998 8·

1213 2048 1499 2110 Themata
1541 2047 1885 2108 scholastica
1928 2047 2241 2107 Frontonis
2286 2055 2713 2123 cognoscuntur
2760 2059 2829 2098 ex
2874 2032 3173 2114 epistulis,

1049 2149 2035 2229 vwgradnwcmvnn
2084 2138 2745 2224 23....·26272859

1218 2243 1547 2326 Excerpta‚
1566 2247 1650 2306 ad
1685 2253 1790 2308 .M.
1837 2255 2001 2307 Caes.
2042 2244 2282 2305 111.18.
2320 2245 2404 2301 Ex
2439 2239 2747 2310 Sallustio,
2782 2235 2863 2297 ad
2878 2237 3174 2310 Ant.1mp.

1051 2345 1130 2404 11.
1175 2367 1226 2404 1.
1264 2367 1391 2426 sqq.
1431 2349 1654 2405 Horum
1687 2357 1887 2422 partes
1929 2344 2101 2404 nobis
2130 2351 2545 2403 occurrerunt.
2592 2339 2678 2394 Ex
2712 2333 3013 2393 Ciceronis
3048 2353 3120 2409 ep
3102 2330 3181 2386 ἰ-

1055 2444 1222 2504 ntulis
1273 2446 1486 2523 quibus
1531 2445 1746 2502 inesset
1796 2443 1992 2522 aliqua
2048 2443 2126 2502 de
2170 2439 2555 2518 eloquentia,
2615 2433 2710 2496 vel
2758 2429 3179 2512 philosophia,

1056 2544 1153 2604 vel
1199 2546 1276 2602 de
1325 2566 1388 2601 re
1424 2565 1485 2620 p.
1535 2543 1911 2620 disputatio,
1951 2540 2045 2602 vel
2078 2541 2311 2620 aliquid
2360 2537 2613 2616 eleganti
2655 2547 2753 2594 aut
2800 2531 3007 2594 verbo.
3019 2541 3182 2586 nota-

1057 2639 1164 2699 bili
1223 2642 1482 2712 dictum,
1530 2645 1612 2704 ad
1661 2645 1803 2700 Ant.
1844 2647 1980 2720 imp,
2032 2642 2109 2699 11.
2164 2638 2219 2699 5.
2270 2641 2354 2697 Ex
2420 2634 2693 2699 Lucretio
2740 2643 2911 2708 atque
2952 2624 3181 2695 Ennio,

1055 2752 1122 2796 ut
1159 2740 1400 2798 eredere
1429 2759 1540 2818 par
1573 2751 1701 2808 est,
1740 2740 1821 2796 ad
1854 2742 1995 2798 Ant.
2038 2743 2177 2814 imp.
2228 2736 2307 2793 11.
2370 2757 2420 2794 r.

1225 2839 1446 2900 Monita
1515 2837 1595 2896 ad
1643 2836 1965 2916 parandam
2012 2833 2290 2892 historiae
2339 2832 2687 2891 scribendae
2734 2825 3073 2888 facultatem
3122 2837 3185 2878 se

1056 2940 1258 3001 Marco
1293 2936 1608 2994 tradidisse
1641 2937 1724 2995 ait
1772 2937 1994 2993 Fronto
2029 2935 2113 2994 ad
2160 2939 2266 2996 .M.
2314 2939 2481 2992 Caes.
2522 2933 2662 2990 1111.
2700 2931 2755 2989 3.
2766 2929 2889 3001 fin.
2926 2927 3011 2982 Eo
3052 2939 3191 2998 per·-

1058 3039 1248 3096 tinent
1281 3033 1618 3094 sallustiana
1659 3046 1970 3114 excerpta,
2006 3032 2055 3092 si
2087 3033 2239 3092 forte
2272 3031 2381 3090 illa
2414 3030 2494 3090 ad
2510 3033 2771 3089 Marcum
2804 3024 3001 3084 adhuc
3033 3023 3189 3079 Cae·

1063 3155 1252 3194 sarem
1301 3153 1474 3192 missa
1529 3146 1664 3191 sunt
1685 3175 1703 3190 .

1229 3229 1544 3301 Historiam
1601 3227 1747 3286 belli
1792 3225 2055 3304 oparthici
2122 3246 2157 3283 a
2202 3228 2292 3286 .L.
2347 3224 2511 3285 vero
2580 3217 2829 3282 consecti
2892 3214 3191 3294 promittit

1065 3328 1304 3408 quidem
1354 3329 1576 3400 Fronto
1613 3331 1865 3404 princip.
1900 3327 2042 3386 hist.
2082 3345 2147 3400 p.
2192 3323 2309 3383 313
2333 3347 2355 3392 3
2405 3331 2603 3380 utrum
2644 3329 2841 3376 tamen
2871 3311 3050 3370 fidem
3116 3307 3187 3365 li·

1051 3428 1344 3488 beraverit
1370 3469 1388 3497 ,
1438 3426 1813 3486 vehementer
1856 3421 2064 3482 dubito
2098 3463 2115 3478 .

1265 3521 1703 3601 Apotelesmata
1760 3518 2078 3578 Frontonis
2150 3518 2292 3578 citat
2352 3512 2641 3574 Fit-micus
2675 3554 2691 3569 .
2752 3511 2968 3569 Utrum
3034 3523 3185 3563 vero

1048 3623 1374 3683 Cirtensem
1403 3631 1662 3678 nostrum
1713 3617 2047 3695 intelligat,
2088 3616 2284 3698 nescio
2332 3612 2639 3692 equidem:
2675 3625 3027 3689 quamquam
3082 3621 3191 3659 su-

1055 3718 1495 3798 perstitionibus
1529 3715 1843 3774 indulsisse
1872 3729 2174 3784 nostrum,
2220 3711 2427 3770 saltem
2460 3710 2621 3788 quod
2656 3717 2882 3786 spectat
2914 3701 2993 3760 ad
3026 3718 3193 3758 mor-

1056 3819 1272 3880 borum
1319 3815 1614 3884 remedia,
1659 3814 1799 3872 satis
1852 3813 2115 3874 declarat
2165 3811 2573 3871 Artemidorus
2596 3848 2611 3864 .

1224 3915 1564 3992 Geoponica
1590 3915 1897 3971 Frontonis
1930 3925 2215 3972 vocantur
2244 3909 2321 3968 ad
2354 3920 2553 3986 partes
2585 3907 2649 3964 in
2689 3896 3193 3982 Porphyrogeniti

1060 4013 1278 4091 eclogia
1299 4053 1318 4071 .
1365 4013 1508 4087 Quis
1541 4025 1737 4070 tamen
1768 4012 1877 4068 nisi
1912 4024 2129 4069 temere
2165 4011 2241 4067 de
2274 4007 2524 4066 Cin-tensi
2560 4017 2759 4064 nostro
2778 4002 2979 4082 potius
3012 4019 3193 4077 quam

1061 4109 1138 4166 de
1170 4110 1288 4166 alio
1321 4108 1524 4186 quovis
1557 4112 1857 4166 Frontone
1902 4106 2121 4185 cogitet
2150 4107 2175 4166 ἳ
2212 4104 2333 4168 Alii
2368 4115 2526 4164 certe
2567 4105 2613 4162 F
2619 4114 2893 4160 rontones
2926 4107 3061 4154 sunt
3091 4095 3191 4173 qui

962 4288 969 4293 ¹
1062 4204 1440 4287 appellantur
1481 4206 1546 4266 in
1581 4203 1957 4286 hippiatricis
1982 4243 2001 4266 .
