3384 5134
783 484 896 533 nt
977 482 1671 535 onA'rlonlnus
2145 464 2285 561 241

139 604 380 681 quom
411 592 444 629 ⁸
465 575 913 681 palleolatim
948 578 1246 674 saltant,
1285 580 1593 654 caudam
1633 580 1895 681 cycni,
1948 581 2299 683 capillum

139 699 458 775 'Ueneris
483 756 507 796 ‚
534 702 789 774 Furiae
813 698 1176 799 flagellum
1201 702 1461 774 eodem
1492 698 1720 801 pallio
1744 700 2242 777 demonstrant
2273 734 2296 798 ς

133 821 249 893 ita
303 820 426 894 isti
471 846 688 896 unam
740 804 1179 921 eandemque
1235 824 1660 894 sententiam
1701 819 2157 895 multimodis
2180 823 2297 896 sa-

139 943 354 1016 ciunt
396 998 421 1037 .‚
473 942 823 1015 uentilant
869 998 893 1037 .,
952 956 1408 1017 commutant
1441 1000 1464 1036 .‚
1527 957 1989 1016 comuertunt
2018 940 2052 992 b
2086 999 2108 1036 ,
2170 970 2297 1017 ea-

141 1062 318 1136 dem
367 1061 625 1137 lacinia
678 1062 1074 1151 salutante,
1139 1062 1476 1134 refricant
1525 1062 1827 1135 eandem
1884 1089 2103 1135 uuam
2143 1089 2301 1135 sen-

143 1186 452 1258 tentiam
504 1186 785 1285 saepius
837 1210 1053 1285 quam
1103 1182 1376 1283 puellae
1440 1158 1847 1257 olffictariae
1906 1178 1946 1231 d
2006 1185 2249 1257 sucina
2276 1243 2296 1258 .

137 1304 554 1377 Dicendum
581 1317 692 1376 est
735 1304 826 1377 de
857 1303 1141 1381 fortuna
1179 1298 1451 1415 aliquid
1487 1291 1524 1377 ?
1563 1305 1799 1377 omnis
1832 1304 1939 1377 ibi
1974 1306 2294 1381 fortunas

145 1428 478 1521 antiatis,
527 1428 1008 1527 Praenestinas
1034 1485 1057 1522 .,
1095 1428 1541 1529 respicientis
1571 1483 1593 1520 ,
1632 1428 2047 1502 balnearum
2078 1433 2297 1505 etiam

143 1549 516 1624 fortunas¹
559 1552 796 1624 omnis
861 1575 1032 1622 cum
1099 1550 1452 1650 pennis⁶‚
1507 1576 1678 1623 cum
1738 1544 2059 1645 roteisf,
2127 1578 2297 1625 cum

143 1672 645 1771 gubernaculis
680 1673 988 1774 reperias
1015 1729 1033 1744 .
1089 1672 1342 1747 Unum
1399 1670 1714 1773 exempli
1778 1698 1987 1746 causa
2039 1688 2294 1773 poetae

145 1796 660 1899 prohoemium
723 1795 1323 1871 commemorabo
1350 1852 1370 1885 .‚
1427 1811 1686 1895 poetae
1732 1795 2050 1869 eiusdem
2101 1809 2293 1868 tem-

147 1915 356 2015 poris
404 1914 865 2014 eiusdemque
924 1915 1286 2004 nominis:¹
1341 1914 1477 1986 suit
1521 1924 1554 1978 g
1592 1940 1811 2013 aeque
1844 1906 2235 1983 Annaeus*
2276 1968 2293 1983 .

151 2040 233 2110 Is
283 2036 486 2109 initio
557 2036 894 2109 carminis
946 2036 1055 2108 sui
1107 2050 1383 2137 septem
1441 2035 1698 2135 primis
1764 2034 2083 2105 uersibus
2117 2029 2299 2103 nihil

42 2196 50 2213 ·
151 2155 352 2231 aliud
390 2182 607 2258 quam
632 2196 670 2212 ·
691 2153 873 2228 bella
923 2154 1084 2257 plus
1130 2183 1346 2257 quam
1386 2155 1619 2229 ciuilia
1650 2197 1686 2212 -
1720 2157 2225 2255 interpretatus
2254 2143 2297 2201 ¹¹

144 2294 268 2352 est
295 2334 312 2349 .
369 2271 616 2379 Nu[nc
683 2276 828 2350 hoc
865 2272 898 2381 ]
937 2276 1230 2377 replicet
1261 2271 1280 2327 i
1317 2293 1496 2378 quot
1537 2282 1576 2337 k
1611 2277 1971 2351 sententiis
1994 2270 2036 2349 ’.Ρ
2072 2316 2107 2331 -
2142 2278 2300 2349 Ius-

151 2424 297 2499 que
327 2396 576 2470 datum
607 2396 853 2471 sceleri
877 2430 953 2491 -ς
977 2426 1116 2471 una
1157 2402 1496 2473 sententia
1527 2414 1634 2473 est
1655 2458 1672 2473 .
1700 2404 1843 2474 -In
1870 2428 1989 2475 sua
2016 2399 2305 2473 uictrici

151 2542 586 2590 conuersum
631 2516 904 2590 uiscera
931 2552 1006 2585 -ε
1044 2518 1188 2589 iam
1221 2516 1394 2591 haec
1428 2519 1642 2591 altera
1681 2534 1789 2593 est
1819 2576 1837 2591 .
1864 2519 2310 2615 -Cognatas-

159 2663 304 2741 que
353 2638 540 2709 acies
575 2674 614 2693 -
653 2666 675 2731 ς
718 2635 922 2709 tertia
979 2635 1152 2709 haec
1189 2637 1326 2709 erit
1357 2692 1376 2707 .
1410 2676 1449 2691 -
1501 2639 1588 2709 ln
1620 2662 2005 2711 commune
2055 2634 2249 2709 nefas
2281 2664 2306 2729 r,

152 2770 488 2856 quartam
523 2770 884 2830 numerat.
921 2794 958 2808 -··
983 2755 1403 2855 Infestisque
1445 2756 1659 2830 obuia
1693 2758 1888 2855 signa
1924 2756 2137 2853 signis
2174 2796 2212 2809 -
2235 2746 2304 2849 ¹3
2382 2746 2387 2755 ⁵

159 2872 574 2980 [appel]lat
629 2901 913 2976 quoque
947 2878 1272 2977 quintam
1299 2931 1318 2946 .
1342 2917 1383 2932 -
1443 2878 1656 2952 Pares
1689 2877 1960 2979 aquilas
1984 2908 2069 2973 -.·,
2116 2887 2313 2950 sexta

147 2998 330 3069 haec
361 2994 683 3071 Herculis
711 3023 1047 3071 aerumna
1074 3054 1091 3067 .
1112 3036 1151 3051 -
1183 3000 1282 3069 Et
1305 2998 1451 3098 pila
1477 2999 1818 3071 minantia
1844 2996 2010 3097 pilis
2039 3028 2121 3090 -ς
2152 3024 2313 3097 sep-

155 3118 376 3189 tima:
413 3116 500 3190 de
529 3118 772 3191 Aiacis
802 3134 1007 3192 scuto
1039 3118 1324 3191 corium
1345 3172 1362 3187 .
1391 3124 1707 3209 Annaeo,
1735 3116 1897 3217 quis
1922 3116 2081 3188 finis
2113 3115 2249 3188 erit
2269 3106 2313 3189 ’.Ρ

151 3238 313 3309 Aut
335 3236 395 3309 si
421 3236 654 3311 nullus
688 3239 844 3341 finis
871 3264 1094 3337 neque
1127 3236 1392 3310 modus
1409 3236 1797 3310 seruandus
1824 3249 1931 3308 est
1957 3290 1979 3328 ,
2009 3262 2145 3335 qur
2162 3245 2312 3309 non

286 3464 320 3494 ⁴*
359 3463 460 3528 M.
511 3461 873 3551 Uituperat
917 3459 1268 3531 Lucanum
1306 3513 1324 3529 .

227 3702 268 3733 a
312 3680 433 3799 (ἐοᾶ.
479 3698 668 3764 qua-m.
715 3682 892 3733 Recole·
929 3701 981 3749 p.
1032 3696 1147 3745 ²²9·
1191 3699 1244 3730 n.
1296 3699 1355 3732 c.
1427 3682 1458 3732 b
1514 3685 1589 3734 It·
1637 3682 1749 3734 eod.
1817 3700 1845 3732 c
1878 3684 2009 3735 Num
2050 3682 2313 3737 dicendum

215 3754 324 3804 Itan
367 3760 388 3803 ἒ
432 3752 646 3802 inferius
687 3770 740 3818 p.
766 3758 880 3803 255.
920 3754 1132 3803 occurrit
1165 3770 1330 3819 ptum.
1365 3753 1572 3804 salntem
1609 3772 1701 3821 pro
1732 3752 1905 3803 saltem
1928 3789 1941 3801 .
2011 3754 2049 3801 d
2074 3756 2147 3803 lta
2184 3756 2317 3807 oche-

155 3828 298 3876 ἀπ’.
372 3840 398 3871 e
432 3826 521 3873 Dic
547 3824 722 3893 pt'mu's
749 3858 763 3871 .
820 3821 869 3896 f
894 3826 967 3874 Ita
1012 3840 1054 3874 1.
1080 3843 1228 3873 manu
1252 3841 1268 3882 ;
1291 3839 1340 3873 at
1371 3840 1415 3872 ο.
1441 3827 1558 3875 rotis
1581 3860 1594 3872 .
1663 3843 1703 3895 g
1741 3826 1815 3875 Ita
1853 3824 1960 3873 cod.
2006 3826 2106 3875 nine
2147 3826 2317 3877 enim.

155 3899 192 3945 h
243 3894 368 3947 cod.
399 3897 779 3966 inter-praetatus
803 3929 816 3943 .
889 3896 910 3941 ἱ
949 3898 1026 3945 Ιαι
1066 3896 1177 3945 cod.
1247 3892 1278 3942 k
1315 3895 1434 3947 cod.
1468 3897 1604 3965 quod
1627 3930 1644 3947 .
1712 3895 1733 3944 l
1770 3898 1847 3946 In
1884 3896 1994 3947 cod.

249 4026 272 4061 1
346 4006 751 4063 Praenestinae
782 4006 1047 4063 fortunae
1081 4003 1204 4060 cul-
1285 4026 1410 4062 mus
1431 4007 1618 4081 gemis
1639 4003 1877 4062 Rustiae
1896 4002 2054 4080 apud
2078 4001 2318 4061 Eckhel.

153 4100 224 4145 tu
297 4088 446 4144 nihil
509 4090 704 4146 notius
743 4130 757 4143 .
834 4092 920 4143 De
986 4086 1204 4143 amiate
1287 4100 1328 4143 t.
1375 4090 1527 4165 v.p.
1557 4088 1799 4163 298.De
1838 4085 2176 4163 respiciente
2197 4088 2320 4146 Cic.

151 4173 304 4229 Hor.
369 4171 466 4228 od.
521 4174 565 4230 l.
611 4169 728 4240 55,
787 4184 846 4226 et
895 4168 1198 4245 inscriptio
1280 4168 1394 4246 leg.
1447 4172 1522 4227 ll.
1573 4192 1659 4227 ιι.
1704 4174 1793 4228 De
1834 4169 2099 4232 balneari
2146 4172 2313 4235 inscr-

157 4253 332 4331 apud
366 4257 540 4313 Grut.
577 4274 782 4313 nxxu.
818 4254 890 4322 3,
937 4267 990 4311 et
1027 4272 1202 4313 num-
1283 4256 1453 4315 Grut.
1490 4272 1703 4315 nxxur.
1744 4252 1802 4313 5.

288 4358 475 4437 Vol.
526 4359 642 4467 Is.
1721 4355 1812 4431 16
