3384 5134
1091 453 1194 528 60
1693 416 1814 521 in
1890 471 2005 520 ηπ·
2088 469 2617 532 canuntur

1085 611 1301 688 quae,
1347 581 1584 683 inquis
1618 636 1640 676 ‚
1700 580 1937 654 fabula
1964 573 2027 672 2
2056 579 2165 652 Ut:
2208 595 2416 679 pater
2474 603 2679 652 meus
2710 605 2779 650 a
2810 577 3037 652 uineis
3090 577 3239 652 do·-

1080 720 1302 778 mum·
1323 723 1397 776 se
1423 695 1697 800 recepit
1720 721 1893 798 ,ego
1934 696 2154 773 solito
2194 721 2402 772 more
2430 719 2704 798 equom
2748 698 3073 772 inscendi
3098 755 3123 792 .,
3158 711 3237 772 et
3298 769 3303 772 .

1075 825 1156 897 in
1213 823 1410 896 uiam
1487 819 1856 921 profectus
1912 844 2074 894 sum
2103 875 2128 915 ‚
2184 832 2257 890 et
2325 816 2701 921 paululum
2774 834 3171 920 prouectus
3214 875 3237 890 .

1073 941 1348 1020 Deinde
1399 942 1504 1014 ibi
1543 942 1616 1012 in
1669 939 1787 1013 uia
1834 939 1940 1014 sic
1977 967 2148 1016 oues
2178 939 2446 1014 multae
2485 937 2954 1038 conglobatae
2990 942 3241 1016 adsta-

1075 1063 1253 1139 bant
1281 1119 1304 1158 ‚
1353 1076 1437 1135 ut
1481 1075 1516 1110 ⁸
1567 1059 1777 1134 locus
1830 1047 2195 1136 solitarius
2225 1116 2250 1157 ‚
2304 1075 2379 1135 et
2432 1081 2641 1136 canes
2697 1077 3037 1162 quattuor
3070 1118 3099 1158 ‚
3160 1075 3239 1134 et

1080 1181 1228 1256 duo
1265 1196 1589 1282 pastores
1617 1238 1640 1277 ,
1700 1181 1827 1255 sed
1858 1181 2038 1255 nihil
2072 1196 2431 1282 praeterea
2462 1239 2483 1256 .
2508 1225 2517 1234 ·
2538 1185 2731 1256 Tum
2763 1198 3017 1284 pastor
3047 1209 3239 1256 unus

1081 1300 1178 1374 ad
1235 1300 1542 1374 alterum
1579 1316 1952 1402 pastorem
1988 1359 2011 1398 ,
2068 1317 2461 1404 postquam
2518 1301 2895 1404 plusculos
2958 1303 3241 1404 equites

1079 1420 1268 1496 uidit
1293 1478 1315 1518 ‚
1371 1422 1536 1496 uide
1589 1424 1725 1496 tibi
1761 1417 1802 1474 b
1836 1425 2017 1498 istos
2054 1426 2326 1526 equites
2356 1481 2379 1520 ‚
2434 1423 2673 1524 inquit
2700 1480 2723 1520 ‚
2778 1449 2951 1498 nam
2972 1423 3085 1496 illi
3118 1449 3243 1496 so-

1079 1542 1230 1616 lent
1259 1545 1616 1618 maximas
1675 1547 2157 1645 rapinationes
2190 1559 2223 1596 ⁰
2258 1547 2491 1620 facere
2524 1600 2543 1615 .
2600 1543 2753 1618 Ubi
2798 1543 2880 1616 id
2928 1543 3175 1617 audiui
3206 1599 3231 1636 ,
3300 1629 3309 1636 ,

1079 1661 1314 1737 calcar
1372 1691 1558 1766 equo
1612 1665 1951 1765 subringo
1988 1722 2011 1761 .,
2068 1692 2282 1739 ecum
2318 1660 2360 1716 d
2390 1668 2469 1740 in
2521 1665 2683 1738 ouis
2732 1665 2929 1763 inigo
2964 1719 2985 1736 .
3038 1666 3237 1737 Oues

1080 1799 1572 1859 consternatae
1619 1785 2127 1886 disperguntur
2152 1821 2172 1858 ι
2218 1786 2394 1861 aliae
2426 1783 2599 1858 alibi
2636 1785 2955 1888 palantes
2988 1785 3240 1859 balan-

993 1971 1003 1984 .
1078 1919 1325 2007 tesque
1361 1905 1736 1980 oberrant.
1794 1907 2057 1980 Pastor
2111 1906 2390 1980 furcam
2444 1906 2869 2005 intorquet3
2928 1905 3129 1979 furca
3162 1905 3239 1975 in

1077 2026 1436 2126 equitem,
1467 2028 1589 2126 qui
1623 2045 1739 2098 me
1781 2027 2185 2099 sectabatur
2217 2082 2239 2122 ‚
2283 2025 2479 2099 cadit
2509 2081 2527 2096 .
2585 2025 2743 2099 Nos
2778 2023 3189 2124 aufugimus
3215 2079 3236 2092 .

1079 2129 1196 2218 Eo
1249 2160 1467 2245 pacto
1525 2145 1649 2246 qui
1713 2145 2077 2218 metuebat
2145 2170 2231 2216 ne
2271 2169 2444 2217 oues
2482 2142 2845 2217 amitteret
2872 2198 2895 2238 ‚
2954 2143 3237 2216 furcam

1083 2260 1400 2364 perdidit
1427 2319 1443 2334 .
1469 2262 1819 2338 Fabulam
1852 2255 2281 2340 existimas?
2314 2288 2422 2334 res
2451 2287 2615 2336 uera
2648 2276 2759 2336 est.
2786 2318 2803 2334 .
2828 2265 2932 2337 At
2952 2274 2984 2312 ⁰
3013 2264 3239 2335 etiam

1079 2381 1292 2483 plura
1328 2396 1526 2455 erant
1584 2409 1764 2482 quae
1820 2381 1911 2454 de
1962 2409 2041 2452 ea
2092 2408 2166 2454 re
2208 2380 2650 2475 scriberem,
2706 2381 2845 2456 nisi
2906 2383 3055 2456 iam
3098 2407 3236 2452 .me

1080 2502 1374 2574 nuntius
1423 2501 1497 2572 in
1545 2499 1880 2573 balneum
1929 2516 2317 2576 arcesseret
2346 2557 2366 2572 .
2419 2500 2604 2574 Uale
2637 2557 2662 2597 ‚
2722 2503 2829 2574 mi
2895 2504 3236 2602 magister

1083 2621 1501 2696 dulcissime
1527 2677 1550 2716 .,
1581 2621 1813 2698 homo
1840 2624 2349 2698 honestissime
2380 2638 2454 2700 et
2514 2625 2881 2700 rarissime
2912 2683 2939 2724 ‚
2996 2626 3238 2700 suaui·-.

1085 2751 1192 2822 tas
1248 2755 1322 2822 et
1363 2741 1619 2844 caritas
1666 2756 1740 2815 et
1769 2741 2107 2848 uoluptas
2144 2769 2345 2818 mea.

1708 3009 1874 3061 XVI.
1964 3011 2346 3060 MAGISTRO
2402 3011 2609 3061 MEO·

1297 3227 1599 3300 Gna-ru
1641 3225 1887 3300 minor
1930 3225 2166 3302 effecit
2195 3218 2449 3330 fquod
2482 3229 2735 3303 Gratia
2787 3227 3026 3314 maior
3066 3239 3089 3274 ¹
3124 3227 3229 3300 fe-

1152 3441 1190 3473 a
1227 3428 1301 3477 Ic·
1343 3427 1455 3478 cod.
1496 3431 1587 3480 niti
1648 3433 1804 3485 maui-
1838 3443 1890 3481 ιε
1912 3469 1925 3482 .
1999 3430 2027 3482 b
2063 3431 2185 3483 Cod.
2226 3431 2519 3483 zafaebztthi.
2611 3449 2641 3481 c
2676 3435 2999 3500 Rapis-macons
3035 3430 3239 3482 dederat

1083 3495 1273 3546 Nonius
1309 3515 1374 3549 ex
1420 3498 1641 3551 Varrone
1679 3518 1730 3553 et
1773 3505 1963 3554 Lucilio
1995 3521 2012 3566 ς
2060 3521 2192 3554 nune
2236 3503 2323 3553 M-
2370 3503 2599 3555 Aurelius
2649 3503 2794 3554 etiam
2848 3503 3195 3570 rapa‘natc‘ones
3220 3537 3235 3550 -

1079 3563 1120 3614 d
1155 3567 1230 3614 ln
1267 3569 1377 3618 cod.
1401 3585 1494 3634 pro
1521 3589 1703 3639 equum
1727 3609 1741 3622 .
1812 3592 1840 3622 e
1876 3574 1999 3624 Cod.
2032 3577 2105 3624 acl
2127 3609 2141 3623 .
2188 3569 2250 3640 f
2270 3575 2392 3624 cod.
2428 3568 2735 3640 ”dnos-efai&
2758 3592 2775 3636 ς
2798 3590 2959 3641 neque
2978 3589 3141 3624 nmen
3162 3573 3235 3623 le-

1081 3635 1298 3704 gendum
1339 3641 1550 3690 arbitror
1587 3645 1777 3693 minore
1822 3641 1945 3712 fecit
1968 3681 1982 3702 ,
2016 3646 2097 3698 ted
2129 3647 2289 3696 minor
2331 3644 2495 3719 effecit
2533 3681 2547 3696 .
2582 3649 2671 3698 Eut
2718 3659 2883 3698 autem
2926 3645 3091 3720 effecit
3116 3645 3233 3696 for-

1083 3721 1210 3762 tune
1247 3725 1345 3775 pro
1387 3711 1533 3784 efficit
1551 3749 1567 3773 ‚
1599 3731 1627 3762 e
1667 3715 1808 3780 proi
1850 3719 2011 3784 prisco
2046 3713 2289 3768 mibendi
2328 3717 2479 3768 modo
2498 3752 2513 3766 .
3203 3696 3221 3743 x*

1078 3882 1161 3936 εἰς
1207 3877 1454 3946 medici,
1495 3883 1715 3960 aliptae
1774 3889 1948 3942 etlam
2017 3890 2117 3944 ui-
2200 3883 2417 3944 dicitur
2452 3883 2797 3961 simpliciter
2829 3883 3068 3952 Gratia,
3106 3881 3232 3936 filia

1077 3965 1236 4018 rium
1265 3971 1322 4018 et
1349 3964 1567 4022 coloris
1591 3969 1879 4024 rationem
1912 3968 2114 4026 haberi
2196 3987 2331 4024 uero
2376 3967 2581 4026 Gratia
2630 3967 2950 4024 minuscula
2986 4007 2997 4020 .
3047 3963 3235 4042 Equi-

1082 4046 1326 4108 uolunt.
2186 4049 2354 4118 dem,
2392 4061 2459 4106 ut
2506 4050 2779 4108 obseruat
2812 4048 3111 4107 Oliuerius
3154 4047 3229 4102 ad

1171 4144 1192 4178 1
1241 4123 1513 4202 Intellige
1545 4148 1777 4188 uxorem
1808 4128 2103 4206 filiamque
2182 4131 3131 4207 marmpisaur.inser-mx,more
3144 4151 3233 4186 ro·-

1079 4203 1414 4292 Frontonis.
1434 4211 1594 4272 Infra
1605 4211 1713 4274 lib.
1734 4235 1859 4272 nu.
1880 4216 1941 4286 6,
1958 4233 2103 4272 uxor
2182 4233 2354 4274 mano
2382 4213 2509 4272 filia
2541 4214 2791 4277 dicenda
2814 4215 3015 4274 suisset
3032 4213 3233 4298 potius
