3384 5134
1085 482 1234 533 212
1858 476 1982 527 nx
2072 462 2483 525 rzalrs‘·

1289 562 1333 605 *
1367 570 1623 644 Iouem
1645 582 1929 671 patrem
1962 569 2197 643 ferunt
2219 626 2245 667 ,
2286 596 2461 643 cum
2492 596 2603 643 res
2632 568 2988 645 humanas
3012 600 3053 645 a
3074 572 3223 675 pri·

1079 690 1372 767 moi-dio
1413 690 1761 765 conderet
1782 746 1805 784 ‚
1844 716 2103 765 aeuum
2128 692 2205 764 ui
2226 692 2549 765 medium
2576 718 2722 766 uno
2758 694 2913 767 ictu
2933 720 3219 795 percus·

1077 840 1242 889 sum
1275 814 1350 886 in
1403 811 1582 887 duas
1629 812 1858 911 partis
1892 811 2205 913 undique
2258 815 2452 913 paris
2494 812 2838 888 diffidisse
2870 850 2890 886 ι
2946 832 3221 917 partem

1080 932 1378 1007 alteram
1413 930 1574 1006 luce
1605 986 1628 1027 ‚
1687 930 1985 1005 alteram
2038 931 2344 1006 tenebris
2390 934 2728 1007 amicisse
2762 990 2786 1027 ‚
2842 934 3041 1008 diem
3090 962 3220 1009 no-

1079 1048 1839 1153 ctemqueappellasse
1863 1064 1912 1146 ¹,
1940 1051 2279 1155 noctique
2315 1050 2741 1148 otium,diei
2771 1053 3141 1149 negotium
3154 1066 3210 1149 2,

981 1148 1001 1161 ’
1077 1171 1462 1247 tradidisse
1492 1227 1512 1245 .
1539 1174 1733 1246 Tum
1754 1197 2051 1247 somnus
2075 1172 2389 1247 necdum
2412 1187 2621 1246 natus
2639 1185 2793 1245 erat
2820 1228 2845 1267 ‚
2872 1188 2953 1247 et
2977 1200 3218 1248 omnes

1073 1292 1461 1398 pei-uigiles
1481 1306 1790 1367 aetatem
1814 1294 2139 1393 agebant3
2176 1295 2304 1369 sed
2324 1295 2523 1395 quies
2548 1308 2900 1367 nocturna
2928 1293 3222 1391 uigilan-

1075 1416 1272 1489 tibus
1293 1438 1434 1514 pro
1465 1438 1729 1487 somno
1760 1415 1987 1489 fuerat
2003 1416 2465 1517 promulgata
2486 1468 2506 1487 .
2542 1412 2903 1490 Paulatim
2938 1414 3218 1510 deinde,

1071 1546 1159 1607 ut
1183 1545 1349 1605 sunt
1377 1532 1650 1628 ingenia
1677 1527 2421 1635 hominuminquie'ta‚
2438 1535 2753 1634 agitandi
2777 1558 2863 1607 ac
2888 1533 3219 1607 turbandi

1073 1650 1338 1751 cupida
1379 1706 1400 1745 ‚
1459 1666 1711 1727 noctes
1764 1654 2055 1755 diesque
2093 1656 2397 1755 negotiis
2420 1654 2853 1729 exercebant
2878 1710 2903 1749 .,
2960 1654 3221 1728 horam

1075 1768 1234 1841 otio
1288 1763 1564 1841 nullam
1601 1769 2073 1870 impertibant
2116 1826 2134 1841 .
2190 1774 2385 1845 Tum
2425 1772 2681 1843 Iouem
2732 1769 2973 1843 ferunt
3012 1826 3035 1862 ‚
3096 1770 3217 1843 ubi

1068 1888 1222 1960 iam
1275 1886 1500 1985 iurgia
1565 1902 1639 1961 et
1697 1891 2109 1965 uadimonia
2160 1906 2511 1965 nocturna
2568 1890 2721 1963 sisti
2743 1946 2766 1982 ‚
2820 1904 2895 1961 et
2952 1904 3205 1961 noctes

1069 2032 1356 2107 quoque
1406 2010 2029 2108 comperendinari
2054 2012 2293 2086 uideat
2330 2026 2408 2105 ⁸,
2448 2035 2620 2082 cum
2654 2010 2875 2084 corde
2898 2034 3033 2082 suo
3068 2010 3217 2107 agi-

1069 2140 1254 2201 tasse
1285 2124 1375 2199 de
1417 2128 1565 2201 suis
1601 2133 1951 2227 germanis
2008 2133 2342 2207 fratribus
2398 2136 2622 2205 unum
2680 2130 3065 2230 praeficere
3098 2128 3215 2228 qui

1062 2246 1264 2319 nocti
1301 2262 1514 2348 atque
1549 2252 1703 2325 otio
1728 2250 2111 2325 hominum
2144 2260 2462 2325 curaret.
2494 2252 2909 2350 Neptunum
2950 2245 3211 2321 mulus

967 2406 984 2413 ·
1061 2380 1137 2439 et
1161 2391 1406 2463 graues
1435 2392 1641 2444 curas
1669 2372 2092 2447 maritumas
2119 2388 2495 2447 causatum
2518 2428 2540 2465 ,
2576 2396 2667 2443 ne
2698 2370 2963 2443 fluctus
3002 2382 3215 2441 terras

1059 2498 1248 2558 totas
1271 2508 1444 2559 cum
1467 2490 1838 2564 montibus
1866 2492 2249 2567 obruerent
2270 2550 2291 2588 ‚
2316 2516 2495 2565 neue
2520 2490 2701 2562 moti
2728 2490 2921 2561 uenti
2952 2500 3213 2559 cuncta

1059 2603 1380 2677 funditus
1416 2607 1880 2704 percellerent
1932 2666 1957 2705 ‚
2012 2608 2229 2684 siluas
2272 2626 2345 2687 et
2381 2625 2528 2684 sata
2565 2609 2905 2683 radicitus
2957 2607 3211 2681 hauri-

1057 2732 1263 2793 rent.
1305 2722 1550 2797 Ditem
1575 2752 1865 2828 quoque
1894 2742 2173 2829 patrem
2226 2740 2593 2802 causatum
2622 2782 2643 2817 ,
2690 2724 2917 2799 multa
2976 2748 3201 2825 opera

1055 2837 1426 2943 multaque
1447 2868 1619 2919 cura
1659 2846 1929 2948 templa
1960 2846 2183 2919 infera
2218 2874 2417 2944 aegre
2444 2846 2809 2937 coerceri,
2870 2846 3213 2917 amnibus

1053 2975 1127 3033 et
1157 2960 1542 3061 paludibus
1575 2981 1647 3038 et
1677 2967 1941 3062 stagnis
1968 2968 2215 3065 stygiis
2248 2965 2737 3039 Acheruntem
2763 2988 2967 3059 aegre
2998 2986 3217 3034 com·

1055 3080 1415 3179 moeniri3
1457 3108 1708 3159 canem
1735 3084 2039 3186 denique
2065 3084 2445 3163 custodem
2477 3083 2891 3183 apposuisse
2924 3080 3217 3153 umbris

1053 3202 1506 3298 teri-itandis,
1543 3230 1727 3305 quae
1757 3206 2087 3303 aufugere
2110 3206 2205 3279 ad
2228 3230 2527 3306 superos
2556 3214 2901 3301 cuperent
2930 3256 2953 3292 ‚
2998 3202 3213 3300 eiquo

1053 3324 1220 3395 cani
1267 3325 1483 3399 trinas
1533 3320 1840 3399 latrandi
1877 3326 2120 3400 fauces
2158 3350 2243 3401 ac
2288 3326 2514 3399 trinos
2552 3320 2785 3401 hiatus
2838 3320 3215 3419 trinasque

1049 3436 1378 3525 dentium
1393 3446 1810 3527 formidines
1837 3436 2289 3522 3addidisse.
2320 3448 2510 3519 Tum
2536 3445 2790 3516 Iouem
2814 3442 2997 3514 deos
3026 3438 3215 3513 alios

1161 3666 1196 3695 ⁸
1241 3666 1342 3731 M.
1391 3665 1648 3732 Fabula
1683 3624 1768 3735 de
1818 3668 2065 3739 Somno
2092 3716 2110 3734 .

2655 3850 2734 3883 ..a-

1153 3830 1450 3929 almeod.
1531 3834 1556 3841 *-

1138 4048 1162 4085 ι
1211 4027 1496 4103 Congruit
1527 4034 1747 4093 Fronto
1780 4053 1909 4093 cum
1940 4036 2075 4093 Ho—
2155 4032 2359 4092 Cicero
2408 4031 2501 4089 off.
2542 4033 2651 4089 ΙΙΙ.
2702 4052 2755 4089 ι.

1047 4130 1111 4175 u
1143 4112 1346 4169 Genes.
1368 4110 1416 4167 1.
1448 4110 1502 4168 3.
1542 4120 1589 4182 4,
1627 4112 1685 4173 5.
2240 4115 2275 4174 3
2323 4114 2531 4171 Actiuo
2580 4134 2745 4170 sensu
2797 4156 2817 4182 ‚
2876 4126 2947 4173 ut
2984 4118 3203 4177 Cieem

1131 4212 1166 4255 2
1210 4192 1334 4255 nac
1375 4193 1642 4263 antithesi
1687 4198 1869 4263 utitur
1896 4196 2075 4263 etiam
2158 4196 2231 4257 de
2264 4216 2395 4259 aere
2428 4195 2616 4259 alieno
2636 4194 2761 4261 Mil.
2788 4198 2863 4261 V.
2902 4218 2966 4257 α.
3002 4203 3203 4289 Lege·
