3384 5134
603 2159 860 2212 Frontonis
871 2159 985 2212 neri⁴

601 2244 682 2294 pta
708 2234 981 2299 grammati·

603 2302 721 2353 calis
743 2336 756 2351 .

1105 471 1324 520 RVH!

1107 559 1421 620 Frontonis
1465 579 1697 638 quoque
1748 570 1809 618 et
1860 560 1960 618 ,Εἰ
2030 557 2253 616 Aurelii
2321 555 2559 634 scriptis
2625 557 2843 616 factum
2904 555 2981 614 iri
3044 577 3240 633 augu-

1110 681 1210 718 ror
1235 703 1249 718 .
1313 661 1546 718 Interea
1599 657 1741 715 dum
1794 654 2015 717 codicis
2075 653 2222 712 ordo
2273 651 2469 731 placet
2498 699 2517 726 ‚
2568 653 2717 712 scire
2764 656 3056 734 interest,
3092 677 3243 735 pcr-

1103 759 1352 817 multam
1399 757 1593 834 operis
1653 768 1882 835 partem
1950 769 2109 816 recte
2144 779 2204 816 se
2270 758 2488 817 habere
2560 756 2655 814 vel
2706 755 2781 814 ob
2815 751 3237 812 fasciculorum

1107 857 1501 935 integritatem
1533 853 1628 915 vel
1671 855 1749 914 ob
1786 855 2045 913 continui
2094 857 2377 914 sermonis
2424 856 2671 915 seriem:
2708 874 2883 932 quam
2916 871 3054 911 vero
3082 871 3236 928 par-—

1101 969 1220 1013 tem
1254 953 1526 1032 graviora
1556 952 1920 1032 Palimpsesti
1942 954 2081 1016 vitia
2110 956 2503 1025 obsederunt,
2553 967 2655 1012 aut
2686 953 2785 1012 ubi
2822 971 3003 1008 nexus
3040 949 3230 1007 omnis

1101 1056 1466 1132 interruptus
1499 1064 1586 1110 est
1605 1095 1626 1123 ,
1661 1073 1791 1110 eam
1826 1053 1948 1110 fere
1980 1055 2041 1112 in
2076 1055 2273 1114 medio
2292 1053 2580 1133 relinqui,
2628 1052 2925 1131 conceptis
2958 1047 3235 1108 formulis

1111 1162 1606 1242 pyrrhoninorum
1650 1151 1722 1220 ου’
1728 1159 1769 1219 δ’
1774 1147 1837 1220 iv
1873 1149 2062 1245 σ’ρίζω
2092 1197 2115 1228 ‚
2162 1151 2229 1220 ati
2242 1150 2355 1222 δέν
2390 1153 2649 1245 μᾶλλον
2674 1177 2713 1221 .’
2734 1167 2921 1222 Immo
2953 1173 3017 1220 ut
3049 1160 3235 1219 verba

1107 1261 1188 1318 ad
1211 1261 1620 1341 compendium
1657 1263 1950 1320 conferam
1971 1305 1990 1333 ‚
2032 1283 2183 1320 nova
2220 1283 2461 1341 prorsus
2492 1275 2579 1321 est
2622 1261 2898 1322 editionis
2929 1260 3103 1318 huius
3138 1280 3232 1315 ra·-

1115 1354 1199 1415 tio
1219 1401 1237 1428 ,
1257 1377 1406 1435 quae
1426 1356 1705 1416 videlicet
1738 1377 1926 1436 neque
1946 1379 2076 1416 cum
2108 1359 2525 1418 mediolanensi
2556 1379 2683 1420 mea
2710 1379 2898 1436 neque
2922 1378 3053 1416 cum
3088 1355 3233 1414 alio·-

1105 1473 1235 1514 rum
1277 1457 1584 1516 doctorum
1622 1457 1980 1516 editionibus
2014 1457 2313 1536 congruit:
2350 1471 2579 1536 praeter
2624 1479 2795 1544 quani
2832 1455 2994 1533 quod
3030 1474 3237 1512 emen-

1095 1553 1448 1616 dationibus
1481 1555 1755 1636 pluribus
1777 1601 1796 1628 ,
1820 1571 1877 1614 et
1912 1577 2067 1616 novo
2096 1576 2326 1634 quoque
2362 1555 2771 1614 commentario
2793 1555 3075 1614 instructa
3111 1563 3195 1610 est
3218 1576 3236 1608 ε

1106 1675 1285 1734 parce
1351 1654 1467 1716 boc
1511 1669 1747 1727 tamen;
1788 1677 2037 1734 namque
2102 1668 2415 1735 occupatos
2462 1655 2709 1713 lectores
2775 1651 2909 1732 plus
2973 1651 3231 1712 brevitas

1108 1753 1360 1824 steriliS,
1384 1775 1554 1832 quam
1593 1754 1753 1813 utilis
1788 1755 2335 1813 commentariorum
2368 1754 2623 1812 delectat
2652 1751 2997 1831 prolixitas.
3024 1751 3235 1808 Hacte-

1102 1867 1212 1908 nus
1261 1853 1338 1910 de
1367 1851 1680 1910 Frontonis
1727 1851 1991 1929 reliquiis
2028 1873 2059 1910 e
2092 1853 2359 1911 bobiensi
2412 1851 2615 1910 codice
2648 1851 2913 1909 eductis:
2966 1869 3104 1908 nam
3156 1847 3233 1904 de

1101 1948 1268 2007 brevi
1311 1951 1572 2010 eiusdem
1621 1953 1876 2011 auctoris
1922 1952 2254 2029 fragmento
2294 1951 2356 2008 in
2398 1949 2679 2029 palatinis
2718 1947 3069 2008 membranis
3118 1945 3239 2006 nu·

1103 2067 1214 2127 per
1257 2049 1399 2110 item
1430 2065 1666 2131 reperto
1722 2054 2081 2112 commodius
2120 2055 2269 2110 infra
2307 2073 2410 2109 suo
2461 2051 2592 2110 loco
2640 2053 2917 2110 disseram
2940 2092 2955 2107 .

1277 2147 1412 2206 Vll.
1462 2150 1616 2208 Ante
1662 2152 1980 2210 editionem
2008 2171 2194 2209 meam
2228 2149 2721 2244 mediolanen-sem
2756 2149 2981 2207 nullum
3015 2148 3233 2225 vulga-

1103 2253 1228 2303 tum
1269 2247 1460 2306 suerat
1502 2251 1812 2308 Frontonis
1851 2271 2000 2330 opus
2022 2293 2042 2320 ,
2079 2262 2312 2328 praeter
2346 2249 2727 2328 differentias
2766 2249 3185 2307 vocabulorum
3206 2284 3225 2305 0

1101 2344 1254 2402 Nam
1303 2349 1464 2424 quod
1511 2353 1787 2428 exempla
1841 2353 2230 2408 elocute'omem
2275 2357 2479 2425 (quae
2530 2359 2727 2404 utrum
2778 2347 3093 2407 Frontonis
3152 2371 3227 2407 an

1101 2443 1294 2504 Messii
1345 2447 1460 2504 sint
1505 2447 1644 2505 alibi
1692 2447 2069 2523 disputabo)
2120 2445 2427 2506 fabricius
2492 2445 2721 2504 dixerat
2768 2443 2987 2502 inserta
3046 2444 3223 2504 fuisse

1101 2541 1165 2600 in
1209 2542 1456 2602 Stubelii
1513 2543 1882 2614 thesaurum,
1930 2544 2117 2604 minus
2166 2541 2233 2604 id
2278 2555 2547 2603 accurate
2598 2543 2809 2603 dixisse
2846 2587 2866 2615 ,
2918 2545 3057 2604 olim
3114 2543 3228 2602 de·

1099 2641 1416 2698 monstravi
1451 2684 1475 2714 ‚p
1523 2663 1654 2700 cum
1702 2643 1927 2721 primus
1962 2643 2235 2703 libellum
2270 2645 2474 2702 edidi.
2522 2647 2727 2721 ltaque
2778 2656 2837 2701 et
2872 2657 3071 2702 noster
3098 2649 3229 2705 Ga-

1099 2739 1398 2810 ratonius,
1463 2759 1815 2821 quamquam
1874 2742 1926 2800 ei
1984 2745 2173 2802 famae
2232 2765 2447 2823 pronas
2498 2764 2668 2803 aures
2708 2745 3057 2825 praebuerat
3092 2753 3225 2821 (ι),

1096 2837 1478 2899 nihilominus
1522 2855 1753 2902 coactus
1790 2856 1876 2902 est
1913 2844 2277 2920 grammatici
2315 2859 2586 2924 excerpta
2618 2867 2651 2904 e
2692 2867 2791 2904 ms.
2834 2848 2989 2907 libro
3008 2837 3229 2927 neapo·-

1096 2931 1286 2994 litano
1321 2939 1430 2997 sibi
1489 2961 1815 3002 accersere.
1868 2945 2222 3024 Ceteroqui,
2274 2959 2339 3004 ut
2382 2947 2526 3006 olim
2560 2989 2577 3018 ,
2620 2947 2703 3007 sic
2743 2967 2900 3006 nunc
2940 2950 3117 3007 etiam
3136 2949 3229 3008 le-

1107 3045 1297 3094 ctores
1333 3039 1616 3098 admoneo
1636 3084 1656 3112 ,
1691 3042 1861 3102 Satio
1882 3043 2127 3102 docente
2152 3053 2263 3120 (α),
2289 3045 2642 3125 particulam
2672 3047 2847 3106 huius
2882 3047 3151 3124 opusculi
3189 3069 3226 3104 a

1096 3130 1466 3194 P.Bondamo
1515 3151 1650 3196 ante
1687 3161 1780 3198 me
1820 3142 1997 3201 fuisse
2030 3142 2329 3222 vulgatam
2364 3165 2494 3204 cum
2530 3145 3007 3205 adnotationibus
3040 3173 3059 3214 ς
3114 3147 3225 3205 etsi

1068 3223 1150 3318 ‘is
1213 3228 1364 3289 liber
1408 3233 1692 3294 Bondami
1760 3237 1821 3295 in
1880 3259 2082 3298 manus
2133 3261 2287 3300 meas
2336 3245 2596 3302 nondum
2640 3245 2935 3324 pervenit.
2983 3247 3229 3304 Praete-

1103 3349 1206 3391 rea
1255 3334 1602 3413 praecipuas
1671 3338 1939 3415 opusculi
2008 3340 2296 3399 utilitates
2360 3341 2399 3402 ii
2458 3343 2645 3402 multo
2713 3358 2846 3404 ante
2916 3346 3229 3406 delibave-

1073 3447 1233 3494 ,runt
1252 3475 1271 3504 ,
1325 3434 1426 3510 qui
1479 3433 1741 3494 Sallustii
1776 3451 1833 3494 et
1866 3438 2162 3498 Ciceronis
2199 3441 2463 3519 exempla
2514 3443 2737 3502 inedita
2774 3465 2841 3503 ex
2874 3465 2943 3503 eo
2976 3465 3079 3503 ms·
3119 3443 3225 3504 de·

1093 3549 1546 3612 prompserunt.
1585 3535 1881 3595 Nonnulla
1934 3551 2129 3596 tamen
2162 3538 2358 3600 adhuc
2402 3554 2604 3612 erant,
2648 3555 2715 3600 ut
2767 3542 3224 3622 reor‚exempla

1093 3632 1428 3710 incognita.
1479 3635 1787 3695 Praeterea
1845 3639 2211 3716 cognitorum
2268 3661 2479 3718 magna
2536 3643 2787 3704 varietas
2842 3657 2930 3703 est
2961 3689 2980 3715 ,
3038 3667 3221 3722 quam

1095 3741 1254 3788 certe
1288 3731 1642 3790 Garatonius
1683 3733 1745 3790 in
1798 3737 2068 3795 oratoriis
2106 3737 2371 3798 tullianis
2416 3739 2697 3820 suspicit,
2742 3761 2923 3821 eaque
2956 3743 3035 3801 ad
3068 3741 3229 3800 ’rut-

1083 3825 1232 3888 lium
1275 3829 1709 3892 emendandum
1744 3835 2047 3896 commode
2078 3837 2301 3898 utitur:
2344 3861 2693 3919 quamquam
2738 3842 2865 3921 ipse
2908 3861 3217 3920 gramma-

1075 4119 1138 4172 51
1152 4041 1267 4172 ι(ι)
1299 4049 1459 4104 Praei*-
1497 4050 1563 4104 ad
1597 4066 1719 4106 toni.
1760 4069 1865 4109 ιιι.
1897 4057 2177 4110 orationum
2214 4059 2458 4116 Ciceronis
2493 4092 2509 4114 .
2592 4056 2685 4136 (a)
2717 4061 2972 4118 onomast.
3006 4069 3047 4112 t.
3100 4057 3145 4114 1.
3180 4073 3238 4130 p.
