3384 5134
921 408 1670 459 IMPERATOREM
2220 381 2362 481 195

207 500 576 575 reticeam
601 556 620 591 ,
646 501 828 605 nihil
881 504 1137 578 dubito
1172 560 1195 600 .,
1253 518 1554 607 quantae
1595 504 1779 578 mihi
1838 504 2241 587 acerbitatis
2280 506 2379 579 sit

201 639 348 697 tua
399 625 640 697 omnis
703 624 822 697 uel
874 627 1186 698 minima·
1224 626 1506 699 tristitia
1540 680 1560 697 .
1613 627 2009 700 Enimuero
2059 650 2229 698 cum
2298 640 2372 697 et

195 725 550 819 uxorem·
584 750 730 845 per‘
751 758 863 819 tot
889 773 1130 823 ,annos
1161 770 1408 823 caram
1436 801 1460 840 ‚
1515 760 1588 819 et
1643 760 1987 845 nepotem
2032 745 2368 820 dulcissi-

189 891 430 939 mum
461 891 682 965 paene
717 865 934 939 simul
979 866 1304 939 amiseris
1335 868 1530 941 maxi
1561 880 1619 938 ὃ.
1641 922 1659 939 .
1702 883 1770 941 te
1804 896 1846 965 a
1879 893 1995 941 me
2020 922 2042 943 .
2074 920 2093 939 .
2126 868 2361 966 magi-

189 1002 452 1061 strum
485 986 724 1061 doctis
749 988 968 1062 dictis
1003 987 1360 1063 consolari
1387 990 1686 1063 audeam
1790 1003 1991 1064 tuam
2021 1046 2065 1063 ..
2095 992 2285 1063 enim
2311 1046 2361 1062 ..

189 1122 376 1183 tum
399 1166 420 1180 .
441 1163 462 1179 .
513 1106 824 1182 delibera
857 1165 876 1181 .
904 1165 921 1180 .
944 1164 964 1180 .
989 1110 1196 1183 Nunc
1223 1109 1317 1182 ad
1349 1109 1616 1210 reliqua
1649 1110 2051 1185 litterarum
2074 1124 2361 1189 tuarum

187 1244 597 1303 conum-tar
640 1286 657 1302 .
713 1229 1116 1305 Delectatus
1157 1284 1176 1301 .
1223 1286 1242 1301 .
1283 1258 1370 1302 ua
1422 1230 1504 1302 th
1540 1285 1597 1301 ..
1628 1257 1823 1303 mem
1867 1287 1884 1301 .
1916 1285 1935 1301 .
1969 1230 2047 1301 in
2092 1254 2259 1325 grau
2290 1284 2308 1299 .
2338 1282 2359 1300 .

191 1348 307 1421 rit
345 1404 362 1419 .
387 1404 403 1418 .
429 1350 580 1421 ueri
611 1404 628 1419 .
651 1404 668 1419 .
691 1406 708 1420 .
737 1349 928 1440 Quid
971 1343 1220 1451 [or]as
1245 1404 1268 1442 .,
1299 1348 1404 1421 mi
1439 1350 1773 1449 mag'ster
1798 1344 1839 1425 ’ἶ
1858 1406 1902 1421 ..
1926 1350 2063 1421 nisi
2088 1350 2210 1449 qui
2239 1403 2281 1419 ..
2314 1376 2357 1426 a

187 1496 326 1542 me
357 1497 618 1543 munus
648 1486 770 1545 aut
805 1498 900 1544 no
939 1525 981 1542 ..
1021 1496 1183 1545 mus
1223 1470 1656 1544 defendisset
1682 1526 1703 1564 ‚
1742 1498 1880 1570 qua
1915 1471 1976 1543 si
2010 1468 2257 1541 deficis
2286 1524 2303 1539 .
2333 1522 2357 1545 2

189 1594 386 1695 quid
433 1590 630 1666 aliud
683 1619 813 1693 ego
901 1594 1194 1668 doctior
1255 1591 1650 1693 qui-equam
1703 1604 1829 1663 aut
1898 1603 2163 1691 expeto
2230 1602 2359 1671 aut

187 1740 494 1789 sommo
519 1771 548 1789 .
565 1772 582 1786 .
605 1771 623 1786 .
646 1770 666 1786 .

747 1944 752 1949 ’
849 1980 965 2027 xl.
1033 1974 1418 2027 rums-rao
1481 1973 1686 2021 nuo.

405 2208 780 2286 ,μυθεῖτο
831 2250 855 2291 ‚
922 2192 1395 2295 Calpurnium
1463 2190 1636 2263 dico
1691 2242 1719 2283 ‚
1808 2188 2175 2265 contentio
2232 2202 2343 2269 est

181 2338 408 2412 quem
467 2341 598 2411 ego
655 2314 904 2409 facile,
947 2330 1021 2389 et
1055 2314 1390 2389 omnibus
1433 2309 1946 2412 spectantibuS‚
1982 2322 2057 2381 et
2104 2321 2175 2381 te
2201 2364 2223 2402 ‚
2282 2308 2347 2388 si

177 2436 626 2535 spectaueris
655 2490 678 2530 .‚
705 2450 884 2509 teste
909 2428 1271 2509 reuincam
1297 2488 1321 2529 ‚
1353 2434 1707 2535 Pyladem
1736 2444 1755 2479 ¹
1778 2431 2119 2530 magistro
2141 2455 2274 2505 suo
2299 2440 2341 2489 ²

302 2634 426 2717 “⁸1¹¹
465 2623 781 2705 sequentib&
816 2636 1000 2688 lacuni-
1033 2639 1244 2687 mnimn
1275 2636 1390 2705 pai-e
1423 2638 1625 2709 paginae
1659 2638 1838 2705 periit.

181 2820 192 2827 ·
271 2821 296 2857 ι
348 2800 586 2877 Pyladi-
631 2806 986 2879 pantomimo
1061 2816 1216 2863 extat
1297 2824 1658 2864 eecxnna.
1693 2802 2327 2877 P.(d¹ie·T·)AeIt'us.

175 2879 490 2959 inscriptio
566 2906 694 2945 cum
766 2886 1027 2949 iconibus
1086 2910 1216 2946 sce-
1293 2890 1556 2965 AngJib.
1579 2890 1876 2969 Pylades.
1897 2890 2325 2963 pantomitmes.

171 2964 332 3024 m‘cis
375 2967 691 3025 Mediolani
743 2970 800 3025 in
839 2972 1092 3029 aedibus
1121 2972 1218 3028 bi-
1297 2973 1622 3030 hz'erom‘ca.
1647 2976 1909 3027 instituit
1929 2970 2327 3028 .L.Am·elius.

171 3046 514 3107 bliothecae
549 3052 944 3112 ambrosianae
976 3082 994 3124 3
1047 3056 1222 3112 effos-
1300 3058 1496 3131 Angg.
1535 3055 1638 3110 lib·
1659 3052 1955 3131 Pylades.
1990 3053 2327 3125 hie-tvaim.

171 3149 236 3185 sa
257 3172 276 3199 ‚
311 3145 586 3207 quantum
623 3136 854 3193 memini
879 3181 898 3207 ,
934 3138 1072 3195 dum
1101 3158 1215 3195 no·-
1291 3140 1626 3214 discipulm·
1657 3179 1672 3192 .
1706 3143 2130 3193 consummavit
2158 3170 2171 3184 .
2206 3134 2329 3187 lta-

171 3230 318 3267 unm
359 3213 646 3273 theatrum
682 3232 1036 3277 extrueretur
1071 3240 1218 3296 pro-
1299 3238 1412 3295 que
1484 3232 1542 3275 et
1601 3215 1926 3297 Calpurnio
2010 3232 2327 3291 cognomen

169 3312 254 3369 pe
287 3294 526 3355 domum
549 3302 943 3359 marchionum
979 3303 1216 3361 Floren-
1296 3300 1478 3358 fuisse
1507 3299 1757 3376 Pylades
1788 3298 2022 3355 uidetur
2043 3338 2059 3355 .
2142 3296 2327 3352 Immo

170 3376 388 3435 tiorum
416 3425 430 3437 .
475 3382 628 3440 Hinc
674 3388 934 3462 manauit
970 3383 1071 3441 ille
1121 3406 1219 3441 er-
1301 3383 1550 3459 Pylades
1612 3381 1792 3439 euasit
1848 3396 2165 3450 cognomen
2222 3374 2319 3433 hi·-

166 3479 272 3515 τοι·
291 3465 670 3536 quorumdam
705 3468 865 3545 apud
886 3459 1211 3529 Gruterum·-
1289 3465 1578 3524 'stu-ionum*
1635 3465 1713 3521 de
1761 3460 1999 3538 Pyladis
2068 3458 2265 3517 schola
2296 3498 2316 3515 .

169 3562 428 3601 uxxnn.
483 3545 522 3605 5
553 3590 572 3617 ‚
637 3550 733 3627 qui
785 3570 986 3608 saxum
1050 3548 1204 3605 illud
1289 3550 1709 3621 Quare-Seneca
1730 3542 2313 3623 quasnne‘twuss‘z:

162 3624 502 3685 Florentiae
537 3644 728 3690 extare
749 3633 1203 3691 dictitauemnt.
1289 3643 1422 3689 stat
1443 3650 1556 3709 per·
1591 3646 1961 3688 successores
1994 3626 2325 3703 Pyladiset

163 3708 473 3795 Praedicta
511 3712 812 3793 inscriptio
868 3717 1039 3775 docet
1087 3735 1208 3771 ma-
1289 3718 1564 3794 Bathylli
1611 3715 1823 3772 domus
1857 3754 1872 3765 .
1938 3709 2089 3767 Hinc
2144 3707 2319 3765 etiam

160 3790 300 3863 gnis
347 3792 670 3857 honoribus
714 3796 872 3857 hunc
921 3798 1200 3877 Pyladem
1290 3788 1450 3873 apud
1483 3794 1720 3857 Suidam
1755 3792 2007 3870 Pylades
2047 3790 2181 3849 cilix
2214 3790 2315 3866 qui

159 3872 344 3933 fuisse
364 3886 628 3938 fluctum.
1288 3880 1364 3935 de
1393 3878 1572 3938 uariis
1604 3875 2007 3935 saltationibus
2061 3874 2313 3950 scripsit,

245 3978 278 4015 2
329 3960 474 4017 Tam
510 3962 784 4038 magistro
817 3984 986 4041 quam
1025 3962 1196 4021 disci-
1275 3962 1426 4021 inter
1444 3980 1583 4039 quas
1618 3960 1692 4017 de
1710 3962 1953 4019 cordace
1973 3999 1991 4026 ,
2025 3958 2182 4031 quod
2204 3972 2322 4014 uo·-

155 4038 304 4115 pulo
329 4063 644 4119 cognomen
665 4046 776 4103 fuit
808 4046 1078 4123 Pylades,
1111 4058 1196 4107 te-
1277 4044 1546 4103 cabulum
1569 4040 1746 4101 habes
1764 4043 1911 4099 inst-a
1945 4039 2103 4118 apud
2124 4040 2317 4095 Fron-

157 4134 246 4179 ιω
275 4124 656 4205 inscriptione
688 4130 848 4209 apud
870 4132 1185 4189 Gruterum
1269 4140 1458 4191 tonem
1494 4126 1556 4186 in
1585 4126 1791 4205 fragm.
1815 4128 1893 4183 de
1922 4122 2313 4186 orationihus*-

1738 4234 1791 4277 ff
