<?xml version="1.0" encoding="UTF-8"?>
<!DOCTYPE html PUBLIC "-//W3C//DTD XHTML 1.0 Transitional//EN"
    "http://www.w3.org/TR/xhtml1/DTD/xhtml1-transitional.dtd">
<html xmlns="http://www.w3.org/1999/xhtml" xml:lang="en" lang="en">
 <head>
  <title>
</title>
<meta http-equiv="Content-Type" content="text/html;charset=utf-8" />
  <meta name='ocr-system' content='tesseract 3.04.00' />
  <meta name='ocr-capabilities' content='ocr_page ocr_carea ocr_par ocr_line ocrx_word'/>
</head>
<body>
  <div class='ocr_page' id='page_1' title='image "./mcorneliifronto00maigoog/mcorneliifronto00maigoog_0038.png"; bbox 0 0 3384 5134; ppageno 0'>
   <div class='ocr_carea' id='block_1_1' title="bbox 501 3391 954 3444">
    <p class='ocr_par' dir='ltr' id='par_1_1' title="bbox 501 3391 954 3444">
     <span class='ocr_line' id='line_1_1' title="bbox 501 3391 954 3444; baseline 0.009 -4"><span class='ocrx_word' id='word_1_1' title='bbox 501 3391 588 3442; x_wconf 68' lang='grc' dir='ltr'><strong>ιΜ.</strong></span> <span class='ocrx_word' id='word_1_2' title='bbox 608 3391 787 3444; x_wconf 75' lang='lat' dir='ltr'><strong>Aurelii</strong></span> <span class='ocrx_word' id='word_1_3' title='bbox 805 3395 882 3444; x_wconf 72' lang='lat' dir='ltr'><strong>sti·</strong></span> <span class='ocrx_word' id='word_1_4' title='bbox 944 3418 954 3431; x_wconf 63' lang='grc' dir='ltr'>ν</span> 
     </span>
    </p>
   </div>
   <div class='ocr_carea' id='block_1_2' title="bbox 501 3461 883 3533">
    <p class='ocr_par' dir='ltr' id='par_1_2' title="bbox 501 3461 883 3533">
     <span class='ocr_line' id='line_1_2' title="bbox 501 3461 883 3533; baseline -0.005 -22"><span class='ocrx_word' id='word_1_5' title='bbox 501 3461 579 3512; x_wconf 82' lang='lat' dir='ltr'><strong>lus</strong></span> <span class='ocrx_word' id='word_1_6' title='bbox 599 3461 883 3533; x_wconf 63' lang='lat' dir='ltr'><strong>epistulas-io,</strong></span> 
     </span>
    </p>
   </div>
   <div class='ocr_carea' id='block_1_3' title="bbox 991 491 3241 3858">
    <p class='ocr_par' dir='ltr' id='par_1_3' title="bbox 1031 491 1227 540">
     <span class='ocr_line' id='line_1_3' title="bbox 1031 491 1227 540; baseline 0 -1"><span class='ocrx_word' id='word_1_7' title='bbox 1031 491 1227 540; x_wconf 70' lang='lat' dir='ltr'><strong>XXV}</strong></span> 
     </span>
    </p>

    <p class='ocr_par' dir='ltr' id='par_1_4' title="bbox 997 581 3241 3366">
     <span class='ocr_line' id='line_1_4' title="bbox 1041 581 3155 664; baseline -0.001 -20"><span class='ocrx_word' id='word_1_8' title='bbox 1041 588 1102 644; x_wconf 86' lang='lat' dir='ltr'><strong>in</strong></span> <span class='ocrx_word' id='word_1_9' title='bbox 1136 606 1251 664; x_wconf 84' lang='lat' dir='ltr'><strong>quo</strong></span> <span class='ocrx_word' id='word_1_10' title='bbox 1288 628 1307 654; x_wconf 90' lang='lat'>‚</span> <span class='ocrx_word' id='word_1_11' title='bbox 1351 596 1580 663; x_wconf 77' lang='lat' dir='ltr'><strong>praeter</strong></span> <span class='ocrx_word' id='word_1_12' title='bbox 1634 583 2023 662; x_wconf 72' lang='lat' dir='ltr'><strong>fragmentum</strong></span> <span class='ocrx_word' id='word_1_13' title='bbox 2057 582 2417 662; x_wconf 69' lang='lat' dir='ltr'><strong>palatinum,</strong></span> <span class='ocrx_word' id='word_1_14' title='bbox 2463 581 2611 640; x_wconf 79' lang='lat' dir='ltr'><strong>aliae</strong></span> <span class='ocrx_word' id='word_1_15' title='bbox 2643 583 2929 661; x_wconf 60' lang='lat' dir='ltr'><strong>quaedam</strong></span> <span class='ocrx_word' id='word_1_16' title='bbox 2956 595 3155 662; x_wconf 67' lang='lat' dir='ltr'><strong>parte!</strong></span> 
     </span>
     <span class='ocr_line' id='line_1_5' title="bbox 1039 680 3153 760; baseline -0.001 -18"><span class='ocrx_word' id='word_1_17' title='bbox 1039 697 1173 742; x_wconf 77' lang='lat' dir='ltr'><strong>sunt</strong></span> <span class='ocrx_word' id='word_1_18' title='bbox 1205 684 1460 741; x_wconf 86' lang='lat' dir='ltr'><strong>oratorio</strong></span> <span class='ocrx_word' id='word_1_19' title='bbox 1479 683 1672 758; x_wconf 87' lang='lat' dir='ltr'><strong>potius</strong></span> <span class='ocrx_word' id='word_1_20' title='bbox 1699 703 1871 760; x_wconf 85' lang='lat' dir='ltr'><strong>quam</strong></span> <span class='ocrx_word' id='word_1_21' title='bbox 1897 681 2196 759; x_wconf 76' lang='lat' dir='ltr'><strong>epistulari</strong></span> <span class='ocrx_word' id='word_1_22' title='bbox 2218 680 2361 738; x_wconf 77' lang='lat' dir='ltr'><strong>stilo</strong></span> <span class='ocrx_word' id='word_1_23' title='bbox 2388 681 2659 740; x_wconf 82' lang='lat' dir='ltr'><strong>conditae</strong></span> <span class='ocrx_word' id='word_1_24' title='bbox 2678 723 2693 736; x_wconf 92' lang='lat'><strong>.</strong></span> <span class='ocrx_word' id='word_1_25' title='bbox 2742 681 2935 740; x_wconf 80' lang='lat' dir='ltr'><strong>Prima</strong></span> <span class='ocrx_word' id='word_1_26' title='bbox 2972 694 3059 740; x_wconf 79' lang='lat' dir='ltr'><strong>est</strong></span> <span class='ocrx_word' id='word_1_27' title='bbox 3078 682 3153 740; x_wconf 83' lang='lat' dir='ltr'><strong>de</strong></span> 
     </span>
     <span class='ocr_line' id='line_1_6' title="bbox 1039 761 3153 856; baseline -0.002 -16"><span class='ocrx_word' id='word_1_28' title='bbox 1039 795 1380 840; x_wconf 81' lang='lat' dir='ltr'><strong>testamento</strong></span> <span class='ocrx_word' id='word_1_29' title='bbox 1432 781 1817 838; x_wconf 84' lang='lat' dir='ltr'><strong>transmarino</strong></span> <span class='ocrx_word' id='word_1_30' title='bbox 1853 823 1871 848; x_wconf 88' lang='lat'>,</span> <span class='ocrx_word' id='word_1_31' title='bbox 1920 783 2091 856; x_wconf 85' lang='lat' dir='ltr'><strong>qua&#39;m</strong></span> <span class='ocrx_word' id='word_1_32' title='bbox 2156 779 2393 856; x_wconf 82' lang='lat' dir='ltr'><strong>quidem</strong></span> <span class='ocrx_word' id='word_1_33' title='bbox 2447 771 2567 836; x_wconf 66' lang='lat' dir='ltr'><strong>esse</strong></span> <span class='ocrx_word' id='word_1_34' title='bbox 2628 790 2859 856; x_wconf 82' lang='lat' dir='ltr'><strong>partem</strong></span> <span class='ocrx_word' id='word_1_35' title='bbox 2894 761 3153 836; x_wconf 24' lang='lat' dir='ltr'><strong>⁸*alicuius</strong></span> 
     </span>
     <span class='ocr_line' id='line_1_7' title="bbox 1035 875 3151 937; baseline -0.002 0"><span class='ocrx_word' id='word_1_36' title='bbox 1035 877 1312 937; x_wconf 86' lang='lat' dir='ltr'><strong>orationis</strong></span> <span class='ocrx_word' id='word_1_37' title='bbox 1361 877 1632 936; x_wconf 84' lang='lat' dir='ltr'><strong>dubitare</strong></span> <span class='ocrx_word' id='word_1_38' title='bbox 1665 876 1758 934; x_wconf 81' lang='lat' dir='ltr'><strong>vix</strong></span> <span class='ocrx_word' id='word_1_39' title='bbox 1802 877 1941 935; x_wconf 86' lang='lat' dir='ltr'><strong>licet</strong></span> <span class='ocrx_word' id='word_1_40' title='bbox 1975 922 1988 932; x_wconf 92' lang='lat'>.</span> <span class='ocrx_word' id='word_1_41' title='bbox 2037 877 2239 935; x_wconf 81' lang='lat' dir='ltr'><strong>Altera</strong></span> <span class='ocrx_word' id='word_1_42' title='bbox 2276 887 2359 934; x_wconf 82' lang='lat' dir='ltr'><strong>est</strong></span> <span class='ocrx_word' id='word_1_43' title='bbox 2392 877 2469 934; x_wconf 82' lang='lat' dir='ltr'><strong>de</strong></span> <span class='ocrx_word' id='word_1_44' title='bbox 2509 875 2839 934; x_wconf 80' lang='lat' dir='ltr'><strong>hereditate</strong></span> <span class='ocrx_word' id='word_1_45' title='bbox 2872 876 3151 934; x_wconf 79' lang='lat' dir='ltr'><strong>Matidiae</strong></span> 
     </span>
     <span class='ocr_line' id='line_1_8' title="bbox 1031 969 3150 1051; baseline 0 -19"><span class='ocrx_word' id='word_1_46' title='bbox 1031 969 1329 1051; x_wconf 75' lang='lat' dir='ltr'><strong>epistulari</strong></span> <span class='ocrx_word' id='word_1_47' title='bbox 1362 973 1598 1050; x_wconf 82' lang='lat' dir='ltr'><strong>quidem</strong></span> <span class='ocrx_word' id='word_1_48' title='bbox 1633 974 1819 1031; x_wconf 78' lang='lat' dir='ltr'><strong>forma</strong></span> <span class='ocrx_word' id='word_1_49' title='bbox 1856 975 1957 1031; x_wconf 87' lang='lat' dir='ltr'><strong>sed</strong></span> <span class='ocrx_word' id='word_1_50' title='bbox 1994 987 2185 1032; x_wconf 83' lang='lat' dir='ltr'><strong>tamen</strong></span> <span class='ocrx_word' id='word_1_51' title='bbox 2205 975 2455 1032; x_wconf 85' lang='lat' dir='ltr'><strong>oratorio</strong></span> <span class='ocrx_word' id='word_1_52' title='bbox 2484 974 2693 1051; x_wconf 87' lang='lat' dir='ltr'><strong>spiritu</strong></span> <span class='ocrx_word' id='word_1_53' title='bbox 2712 987 2912 1031; x_wconf 79' lang='lat' dir='ltr'><strong>utens.</strong></span> <span class='ocrx_word' id='word_1_54' title='bbox 2949 975 3150 1034; x_wconf 86' lang='lat' dir='ltr'><strong>Tertia</strong></span> 
     </span>
     <span class='ocr_line' id='line_1_9' title="bbox 1033 1068 3149 1149; baseline -0.001 -19"><span class='ocrx_word' id='word_1_55' title='bbox 1033 1083 1119 1130; x_wconf 79' lang='lat' dir='ltr'><strong>est</strong></span> <span class='ocrx_word' id='word_1_56' title='bbox 1151 1069 1481 1148; x_wconf 73' lang='lat' dir='ltr'><strong>epistularis</strong></span> <span class='ocrx_word' id='word_1_57' title='bbox 1515 1068 1891 1128; x_wconf 81' lang='lat' dir='ltr'><strong>causidicatio</strong></span> <span class='ocrx_word' id='word_1_58' title='bbox 1930 1091 2039 1149; x_wconf 89' lang='lat' dir='ltr'><strong>pro</strong></span> <span class='ocrx_word' id='word_1_59' title='bbox 2074 1069 2391 1128; x_wconf 86' lang='lat' dir='ltr'><strong>Volumnio</strong></span> <span class='ocrx_word' id='word_1_60' title='bbox 2421 1072 2547 1130; x_wconf 80' lang='lat' dir='ltr'><strong>cive</strong></span> <span class='ocrx_word' id='word_1_61' title='bbox 2578 1071 3009 1130; x_wconf 85' lang='lat' dir='ltr'><strong>concordiensi.</strong></span> <span class='ocrx_word' id='word_1_62' title='bbox 3030 1071 3149 1129; x_wconf 80' lang='lat' dir='ltr'><strong>Sed</strong></span> 
     </span>
     <span class='ocr_line' id='line_1_10' title="bbox 1031 1164 3152 1242; baseline -0 -20"><span class='ocrx_word' id='word_1_63' title='bbox 1031 1165 1210 1222; x_wconf 84' lang='lat' dir='ltr'><strong>misso</strong></span> <span class='ocrx_word' id='word_1_64' title='bbox 1231 1165 1344 1222; x_wconf 88' lang='lat' dir='ltr'><strong>iam</strong></span> <span class='ocrx_word' id='word_1_65' title='bbox 1380 1165 1690 1223; x_wconf 74' lang='lat' dir='ltr'><strong>Frontonis</strong></span> <span class='ocrx_word' id='word_1_66' title='bbox 1728 1166 1983 1224; x_wconf 86' lang='lat' dir='ltr'><strong>oratorio</strong></span> <span class='ocrx_word' id='word_1_67' title='bbox 2014 1166 2151 1226; x_wconf 84' lang='lat' dir='ltr'><strong>stilo</strong></span> <span class='ocrx_word' id='word_1_68' title='bbox 2184 1167 2287 1235; x_wconf 87' lang='lat' dir='ltr'><strong>(in</strong></span> <span class='ocrx_word' id='word_1_69' title='bbox 2310 1187 2427 1242; x_wconf 81' lang='lat' dir='ltr'><strong>qno</strong></span> <span class='ocrx_word' id='word_1_70' title='bbox 2460 1179 2629 1224; x_wconf 81' lang='lat' dir='ltr'><strong>certe·</strong></span> <span class='ocrx_word' id='word_1_71' title='bbox 2648 1165 2925 1224; x_wconf 68' lang='lat' dir='ltr'><strong>tullianae</strong></span> <span class='ocrx_word' id='word_1_72' title='bbox 2952 1164 3152 1222; x_wconf 77' lang='lat' dir='ltr'><strong>sacun-</strong></span> 
     </span>
     <span class='ocr_line' id='line_1_11' title="bbox 1027 1261 3149 1337; baseline -0.001 -14"><span class='ocrx_word' id='word_1_73' title='bbox 1027 1263 1172 1323; x_wconf 70' lang='lat' dir='ltr'><strong>fliae</strong></span> <span class='ocrx_word' id='word_1_74' title='bbox 1211 1264 1444 1324; x_wconf 76' lang='lat' dir='ltr'><strong>divitias</strong></span> <span class='ocrx_word' id='word_1_75' title='bbox 1473 1277 1534 1320; x_wconf 89' lang='lat' dir='ltr'><strong>et</strong></span> <span class='ocrx_word' id='word_1_76' title='bbox 1557 1265 1676 1323; x_wconf 83' lang='lat' dir='ltr'><strong>vim</strong></span> <span class='ocrx_word' id='word_1_77' title='bbox 1713 1279 1829 1322; x_wconf 82' lang='lat' dir='ltr'><strong>non</strong></span> <span class='ocrx_word' id='word_1_78' title='bbox 1863 1264 2100 1335; x_wconf 84' lang='lat' dir='ltr'><strong>habuit,</strong></span> <span class='ocrx_word' id='word_1_79' title='bbox 2138 1265 2239 1323; x_wconf 84' lang='lat' dir='ltr'><strong>sed</strong></span> <span class='ocrx_word' id='word_1_80' title='bbox 2276 1277 2471 1324; x_wconf 76' lang='lat' dir='ltr'><strong>tamen</strong></span> <span class='ocrx_word' id='word_1_81' title='bbox 2498 1262 2781 1321; x_wconf 77' lang='lat' dir='ltr'><strong>familiam</strong></span> <span class='ocrx_word' id='word_1_82' title='bbox 2813 1261 2979 1321; x_wconf 78' lang='lat' dir='ltr'><strong>duxit</strong></span> <span class='ocrx_word' id='word_1_83' title='bbox 3014 1270 3149 1337; x_wconf 69' lang='lat'><strong>(0)</strong></span> 
     </span>
     <span class='ocr_line' id='line_1_12' title="bbox 997 1345 3150 1445; baseline 0 -29"><span class='ocrx_word' id='word_1_84' title='bbox 997 1426 1002 1445; x_wconf 47' lang='grc' dir='ltr'>Ι</span> <span class='ocrx_word' id='word_1_85' title='bbox 1031 1361 1256 1416; x_wconf 70' lang='lat' dir='ltr'><strong>fronto</strong></span> <span class='ocrx_word' id='word_1_86' title='bbox 1293 1359 1528 1435; x_wconf 78' lang='lat' dir='ltr'><strong>quidem</strong></span> <span class='ocrx_word' id='word_1_87' title='bbox 1569 1364 1630 1420; x_wconf 89' lang='lat' dir='ltr'><strong>in</strong></span> <span class='ocrx_word' id='word_1_88' title='bbox 1671 1360 1973 1440; x_wconf 76' lang='lat' dir='ltr'><strong>epistulis,&#39;</strong></span> <span class='ocrx_word' id='word_1_89' title='bbox 2006 1361 2217 1438; x_wconf 85' lang='lat' dir='ltr'><strong>quibus</strong></span> <span class='ocrx_word' id='word_1_90' title='bbox 2250 1362 2363 1418; x_wconf 86' lang='lat' dir='ltr'><strong>iam</strong></span> <span class='ocrx_word' id='word_1_91' title='bbox 2404 1360 2803 1426; x_wconf 78' lang='lat' dir='ltr'><strong>abundamus,</strong></span> <span class='ocrx_word' id='word_1_92' title='bbox 2832 1345 2953 1417; x_wconf 66' lang='lat' dir='ltr'><strong>non</strong></span> <span class='ocrx_word' id='word_1_93' title='bbox 2986 1359 3150 1418; x_wconf 83' lang='lat' dir='ltr'><strong>ima·</strong></span> 
     </span>
     <span class='ocr_line' id='line_1_13' title="bbox 1031 1455 3149 1535; baseline 0.001 -24"><span class='ocrx_word' id='word_1_94' title='bbox 1031 1455 1233 1532; x_wconf 73' lang='lat' dir='ltr'><strong>ginum</strong></span> <span class='ocrx_word' id='word_1_95' title='bbox 1281 1456 1504 1528; x_wconf 85' lang='lat' dir='ltr'><strong>solum,</strong></span> <span class='ocrx_word' id='word_1_96' title='bbox 1553 1459 1703 1527; x_wconf 83' lang='lat' dir='ltr'><strong>sed,</strong></span> <span class='ocrx_word' id='word_1_97' title='bbox 1753 1458 1913 1534; x_wconf 88' lang='lat' dir='ltr'><strong>quod</strong></span> <span class='ocrx_word' id='word_1_98' title='bbox 1956 1458 2139 1533; x_wconf 79' lang='lat' dir='ltr'><strong>magis</strong></span> <span class='ocrx_word' id='word_1_99' title='bbox 2188 1456 2424 1517; x_wconf 85' lang='lat' dir='ltr'><strong>interest</strong></span> <span class='ocrx_word' id='word_1_100' title='bbox 2463 1499 2483 1528; x_wconf 93' lang='lat'><em>,</em></span> <span class='ocrx_word' id='word_1_101' title='bbox 2528 1455 2821 1535; x_wconf 71' lang='lat' dir='ltr'><strong>purissimi</strong></span> <span class='ocrx_word' id='word_1_102' title='bbox 2871 1455 3149 1514; x_wconf 78' lang='lat' dir='ltr'><strong>sermoni-s</strong></span> 
     </span>
     <span class='ocr_line' id='line_1_14' title="bbox 1028 1551 3147 1631; baseline 0 -21"><span class='ocrx_word' id='word_1_103' title='bbox 1028 1564 1277 1611; x_wconf 83' lang='lat' dir='ltr'><strong>sectator</strong></span> <span class='ocrx_word' id='word_1_104' title='bbox 1315 1553 1595 1612; x_wconf 85' lang='lat' dir='ltr'><strong>adsiduus</strong></span> <span class='ocrx_word' id='word_1_105' title='bbox 1645 1565 1818 1631; x_wconf 81' lang='lat' dir='ltr'><strong>atque</strong></span> <span class='ocrx_word' id='word_1_106' title='bbox 1865 1555 2179 1612; x_wconf 85' lang='lat' dir='ltr'><strong>acerrimus</strong></span> <span class='ocrx_word' id='word_1_107' title='bbox 2230 1553 2446 1613; x_wconf 76' lang='lat' dir='ltr'><strong>vindex</strong></span> <span class='ocrx_word' id='word_1_108' title='bbox 2496 1553 2862 1631; x_wconf 76' lang='lat' dir='ltr'><strong>cognoscitur</strong></span> <span class='ocrx_word' id='word_1_109' title='bbox 2887 1595 2902 1610; x_wconf 90' lang='lat'><strong>.</strong></span> <span class='ocrx_word' id='word_1_110' title='bbox 2952 1551 3147 1612; x_wconf 80' lang='lat' dir='ltr'><strong>Placet</strong></span> 
     </span>
     <span class='ocr_line' id='line_1_15' title="bbox 1031 1650 3147 1730; baseline -0 -21"><span class='ocrx_word' id='word_1_111' title='bbox 1031 1654 1182 1710; x_wconf 88' lang='lat' dir='ltr'><strong>enim</strong></span> <span class='ocrx_word' id='word_1_112' title='bbox 1220 1651 1272 1708; x_wconf 91' lang='lat' dir='ltr'><strong>ei</strong></span> <span class='ocrx_word' id='word_1_113' title='bbox 1311 1664 1374 1709; x_wconf 83' lang='lat' dir='ltr'><strong>ut</strong></span> <span class='ocrx_word' id='word_1_114' title='bbox 1409 1652 1470 1708; x_wconf 90' lang='lat' dir='ltr'><strong>in</strong></span> <span class='ocrx_word' id='word_1_115' title='bbox 1504 1652 1688 1711; x_wconf 83' lang='lat' dir='ltr'><strong>latino</strong></span> <span class='ocrx_word' id='word_1_116' title='bbox 1740 1673 2003 1710; x_wconf 78' lang='lat' dir='ltr'><strong>sermone</strong></span> <span class='ocrx_word' id='word_1_117' title='bbox 2046 1652 2427 1730; x_wconf 68' lang='lat' dir='ltr'><strong>antiquitatis</strong></span> <span class='ocrx_word' id='word_1_118' title='bbox 2456 1653 2661 1730; x_wconf 77' lang='lat' dir='ltr'><strong>religio</strong></span> <span class='ocrx_word' id='word_1_119' title='bbox 2712 1650 2975 1729; x_wconf 85' lang='lat' dir='ltr'><strong>apprime</strong></span> <span class='ocrx_word' id='word_1_120' title='bbox 3016 1671 3147 1708; x_wconf 86' lang='lat' dir='ltr'><strong>ser·-</strong></span> 
     </span>
     <span class='ocr_line' id='line_1_16' title="bbox 1031 1743 3241 1831; baseline -0.003 -21"><span class='ocrx_word' id='word_1_121' title='bbox 1031 1764 1236 1810; x_wconf 79' lang='lat' dir='ltr'><strong>vetur:</strong></span> <span class='ocrx_word' id='word_1_122' title='bbox 1289 1771 1356 1809; x_wconf 86' lang='lat' dir='ltr'><strong>ac</strong></span> <span class='ocrx_word' id='word_1_123' title='bbox 1397 1751 1611 1810; x_wconf 86' lang='lat' dir='ltr'><strong>nedum</strong></span> <span class='ocrx_word' id='word_1_124' title='bbox 1665 1765 1923 1810; x_wconf 74' lang='lat' dir='ltr'><strong>recentes</strong></span> <span class='ocrx_word' id='word_1_125' title='bbox 1958 1796 1975 1821; x_wconf 88' lang='lat'><strong>,</strong></span> <span class='ocrx_word' id='word_1_126' title='bbox 2016 1756 2289 1814; x_wconf 78' lang='lat' dir='ltr'><strong>Senecam</strong></span> <span class='ocrx_word' id='word_1_127' title='bbox 2348 1764 2491 1831; x_wconf 82' lang='lat' dir='ltr'><strong>puta</strong></span> <span class='ocrx_word' id='word_1_128' title='bbox 2528 1751 2627 1810; x_wconf 77' lang='lat' dir='ltr'><strong>vel</strong></span> <span class='ocrx_word' id='word_1_129' title='bbox 2680 1749 2961 1808; x_wconf 82' lang='lat' dir='ltr'><strong>iuniorem</strong></span> <span class='ocrx_word' id='word_1_130' title='bbox 3016 1743 3179 1805; x_wconf 86' lang='lat' dir='ltr'><strong>Pli-·</strong></span> <span class='ocrx_word' id='word_1_131' title='bbox 3236 1747 3241 1750; x_wconf 76' lang='grc'><strong>’</strong></span> 
     </span>
     <span class='ocr_line' id='line_1_17' title="bbox 1031 1846 3141 1923; baseline -0.001 -20"><span class='ocrx_word' id='word_1_132' title='bbox 1031 1849 1194 1906; x_wconf 83' lang='lat' dir='ltr'><strong>nium</strong></span> <span class='ocrx_word' id='word_1_133' title='bbox 1235 1887 1254 1914; x_wconf 89' lang='lat'>‚</span> <span class='ocrx_word' id='word_1_134' title='bbox 1300 1866 1545 1923; x_wconf 84' lang='lat' dir='ltr'><strong>quorum</strong></span> <span class='ocrx_word' id='word_1_135' title='bbox 1599 1846 1646 1904; x_wconf 90' lang='lat' dir='ltr'><strong>is</strong></span> <span class='ocrx_word' id='word_1_136' title='bbox 1712 1847 1952 1907; x_wconf 74' lang='lat' dir='ltr'><strong>sortasse</strong></span> <span class='ocrx_word' id='word_1_137' title='bbox 2018 1849 2112 1906; x_wconf 79' lang='lat' dir='ltr'><strong>vel</strong></span> <span class='ocrx_word' id='word_1_138' title='bbox 2155 1849 2353 1907; x_wconf 84' lang='lat' dir='ltr'><strong>fucum</strong></span> <span class='ocrx_word' id='word_1_139' title='bbox 2391 1847 2485 1906; x_wconf 78' lang='lat' dir='ltr'><strong>vel</strong></span> <span class='ocrx_word' id='word_1_140' title='bbox 2536 1846 2853 1904; x_wconf 75' lang='lat' dir='ltr'><strong>novitatem</strong></span> <span class='ocrx_word' id='word_1_141' title='bbox 2902 1863 3141 1903; x_wconf 80' lang='lat' dir='ltr'><strong>aversa-</strong></span> 
     </span>
     <span class='ocr_line' id='line_1_18' title="bbox 1021 1941 3139 2019; baseline -0.002 -17"><span class='ocrx_word' id='word_1_142' title='bbox 1021 1945 1236 2012; x_wconf 75' lang='lat' dir='ltr'><strong>batur,</strong></span> <span class='ocrx_word' id='word_1_143' title='bbox 1279 1944 1566 2002; x_wconf 84' lang='lat' dir='ltr'><strong>neminem</strong></span> <span class='ocrx_word' id='word_1_144' title='bbox 1602 1947 1819 2002; x_wconf 87' lang='lat' dir='ltr'><strong>Fronto</strong></span> <span class='ocrx_word' id='word_1_145' title='bbox 1856 1945 2135 2005; x_wconf 83' lang='lat' dir='ltr'><strong>aemulari</strong></span> <span class='ocrx_word' id='word_1_146' title='bbox 2174 1947 2411 2003; x_wconf 82' lang='lat' dir='ltr'><strong>videtur</strong></span> <span class='ocrx_word' id='word_1_147' title='bbox 2450 1953 2489 2019; x_wconf 77' lang='lat'><strong>¹(</strong></span> <span class='ocrx_word' id='word_1_148' title='bbox 2510 1944 2614 2002; x_wconf 83' lang='lat' dir='ltr'><strong>etsi</strong></span> <span class='ocrx_word' id='word_1_149' title='bbox 2654 1942 2953 2000; x_wconf 72' lang='lat' dir='ltr'><strong>Ciceronis</strong></span> <span class='ocrx_word' id='word_1_150' title='bbox 3000 1941 3139 2001; x_wconf 87' lang='lat' dir='ltr'><strong>scri-</strong></span> 
     </span>
     <span class='ocr_line' id='line_1_19' title="bbox 1013 2036 3138 2118; baseline 0 -24"><span class='ocrx_word' id='word_1_151' title='bbox 1013 2053 1126 2116; x_wconf 76' lang='lat' dir='ltr'><strong>pta</strong></span> <span class='ocrx_word' id='word_1_152' title='bbox 1169 2038 1361 2095; x_wconf 84' lang='lat' dir='ltr'><strong>omnia</strong></span> <span class='ocrx_word' id='word_1_153' title='bbox 1411 2038 1829 2096; x_wconf 73' lang='lat' dir='ltr'><strong>studiosissime</strong></span> <span class='ocrx_word' id='word_1_154' title='bbox 1866 2040 2149 2098; x_wconf 81' lang='lat' dir='ltr'><strong>lectitavit</strong></span> <span class='ocrx_word' id='word_1_155' title='bbox 2184 2050 2275 2115; x_wconf 71' lang='grc' dir='ltr'><strong>(α)</strong></span> <span class='ocrx_word' id='word_1_156' title='bbox 2308 2047 2333 2113; x_wconf 90' lang='grc'>)</span> <span class='ocrx_word' id='word_1_157' title='bbox 2384 2061 2557 2118; x_wconf 86' lang='lat' dir='ltr'><strong>quam</strong></span> <span class='ocrx_word' id='word_1_158' title='bbox 2599 2039 2697 2116; x_wconf 86' lang='lat' dir='ltr'><strong>qui</strong></span> <span class='ocrx_word' id='word_1_159' title='bbox 2734 2051 2869 2095; x_wconf 84' lang='lat' dir='ltr'><strong>ante</strong></span> <span class='ocrx_word' id='word_1_160' title='bbox 2904 2036 3138 2096; x_wconf 83' lang='lat' dir='ltr'><strong>Cicero-</strong></span> 
     </span>
     <span class='ocr_line' id='line_1_20' title="bbox 1021 2135 3136 2216; baseline -0 -25"><span class='ocrx_word' id='word_1_161' title='bbox 1021 2155 1154 2192; x_wconf 86' lang='lat' dir='ltr'><strong>nem</strong></span> <span class='ocrx_word' id='word_1_162' title='bbox 1188 2145 1247 2192; x_wconf 81' lang='lat' dir='ltr'><strong>et</strong></span> <span class='ocrx_word' id='word_1_163' title='bbox 1293 2135 1598 2192; x_wconf 85' lang='lat' dir='ltr'><strong>Caesarem</strong></span> <span class='ocrx_word' id='word_1_164' title='bbox 1636 2178 1654 2205; x_wconf 88' lang='lat'>,</span> <span class='ocrx_word' id='word_1_165' title='bbox 1710 2136 1985 2196; x_wconf 72' lang='lat' dir='ltr'><strong>Sallustio</strong></span> <span class='ocrx_word' id='word_1_166' title='bbox 2058 2151 2299 2216; x_wconf 85' lang='lat' dir='ltr'><strong>excepto</strong></span> <span class='ocrx_word' id='word_1_167' title='bbox 2329 2179 2349 2208; x_wconf 88' lang='lat'>,</span> <span class='ocrx_word' id='word_1_168' title='bbox 2406 2137 2811 2210; x_wconf 65' lang='lat' dir='ltr'><strong>incl-eruissent</strong></span> <span class='ocrx_word' id='word_1_169' title='bbox 2844 2176 2861 2190; x_wconf 85' lang='lat'><strong>.</strong></span> <span class='ocrx_word' id='word_1_170' title='bbox 2938 2136 3136 2206; x_wconf 79' lang='lat' dir='ltr'><strong>Quare</strong></span> 
     </span>
     <span class='ocr_line' id='line_1_21' title="bbox 1017 2229 3135 2312; baseline -0 -25"><span class='ocrx_word' id='word_1_171' title='bbox 1017 2229 1135 2298; x_wconf 77' lang='lat' dir='ltr'><strong>hoc</strong></span> <span class='ocrx_word' id='word_1_172' title='bbox 1182 2232 1312 2308; x_wconf 89' lang='lat' dir='ltr'><strong>ipso</strong></span> <span class='ocrx_word' id='word_1_173' title='bbox 1359 2231 1592 2288; x_wconf 86' lang='lat' dir='ltr'><strong>nomine</strong></span> <span class='ocrx_word' id='word_1_174' title='bbox 1621 2277 1638 2303; x_wconf 89' lang='lat'><strong>,</strong></span> <span class='ocrx_word' id='word_1_175' title='bbox 1683 2245 1749 2291; x_wconf 85' lang='lat' dir='ltr'><strong>ut</strong></span> <span class='ocrx_word' id='word_1_176' title='bbox 1796 2233 2009 2310; x_wconf 83' lang='lat' dir='ltr'><strong>opinor</strong></span> <span class='ocrx_word' id='word_1_177' title='bbox 2032 2277 2051 2304; x_wconf 89' lang='lat'>,</span> <span class='ocrx_word' id='word_1_178' title='bbox 2102 2235 2317 2292; x_wconf 82' lang='lat' dir='ltr'><strong>Fronto</strong></span> <span class='ocrx_word' id='word_1_179' title='bbox 2358 2232 2643 2312; x_wconf 76' lang='lat' dir='ltr'><strong>peculiari</strong></span> <span class='ocrx_word' id='word_1_180' title='bbox 2680 2231 3135 2309; x_wconf 78' lang='lat' dir='ltr'><strong>antiquariorum</strong></span> 
     </span>
     <span class='ocr_line' id='line_1_22' title="bbox 1019 2326 3131 2407; baseline -0.002 -21"><span class='ocrx_word' id='word_1_181' title='bbox 1019 2347 1121 2386; x_wconf 86' lang='lat' dir='ltr'><strong>seu</strong></span> <span class='ocrx_word' id='word_1_182' title='bbox 1163 2329 1672 2406; x_wconf 77' lang='lat' dir='ltr'><strong>grammaticorum</strong></span> <span class='ocrx_word' id='word_1_183' title='bbox 1713 2331 1909 2389; x_wconf 85' lang='lat' dir='ltr'><strong>studio</strong></span> <span class='ocrx_word' id='word_1_184' title='bbox 1955 2331 2167 2407; x_wconf 78' lang='lat' dir='ltr'><strong>dignus</strong></span> <span class='ocrx_word' id='word_1_185' title='bbox 2204 2341 2327 2402; x_wconf 67' lang='grc' dir='ltr'><strong>θεῖς</strong></span> <span class='ocrx_word' id='word_1_186' title='bbox 2382 2349 2583 2388; x_wconf 88' lang='lat' dir='ltr'><strong>eorum</strong></span> <span class='ocrx_word' id='word_1_187' title='bbox 2628 2328 2853 2388; x_wconf 84' lang='lat' dir='ltr'><strong>&#39;scilicet</strong></span> <span class='ocrx_word' id='word_1_188' title='bbox 2904 2326 3003 2405; x_wconf 80' lang='lat' dir='ltr'><strong>qui</strong></span> <span class='ocrx_word' id='word_1_189' title='bbox 3034 2346 3131 2382; x_wconf 89' lang='lat' dir='ltr'><strong>se-</strong></span> 
     </span>
     <span class='ocr_line' id='line_1_23' title="bbox 1015 2416 3133 2502; baseline -0.002 -23"><span class='ocrx_word' id='word_1_190' title='bbox 1015 2423 1268 2482; x_wconf 81' lang='lat' dir='ltr'><strong>niorum·</strong></span> <span class='ocrx_word' id='word_1_191' title='bbox 1296 2416 1624 2482; x_wconf 57' lang='lat' dir='ltr'><strong>voluntates</strong></span> <span class='ocrx_word' id='word_1_192' title='bbox 1669 2442 1901 2501; x_wconf 83' lang='lat' dir='ltr'><strong>semper</strong></span> <span class='ocrx_word' id='word_1_193' title='bbox 1935 2439 2254 2500; x_wconf 83' lang='lat' dir='ltr'><strong>sequuntur</strong></span> <span class='ocrx_word' id='word_1_194' title='bbox 2273 2467 2295 2494; x_wconf 81' lang='lat'><strong>,</strong></span> <span class='ocrx_word' id='word_1_195' title='bbox 2342 2437 2399 2482; x_wconf 87' lang='lat' dir='ltr'><strong>et</strong></span> <span class='ocrx_word' id='word_1_196' title='bbox 2440 2424 2731 2502; x_wconf 82' lang='lat' dir='ltr'><strong>quidquid</strong></span> <span class='ocrx_word' id='word_1_197' title='bbox 2766 2421 2985 2480; x_wconf 77' lang='lat' dir='ltr'><strong>carioso</strong></span> <span class='ocrx_word' id='word_1_198' title='bbox 3016 2419 3133 2476; x_wconf 87' lang='lat' dir='ltr'><strong>ali-</strong></span> 
     </span>
     <span class='ocr_line' id='line_1_24' title="bbox 1010 2518 3129 2596; baseline 0.001 -20"><span class='ocrx_word' id='word_1_199' title='bbox 1010 2540 1128 2596; x_wconf 86' lang='lat' dir='ltr'><strong>quo</strong></span> <span class='ocrx_word' id='word_1_200' title='bbox 1163 2518 1426 2596; x_wconf 79' lang='lat' dir='ltr'><strong>exemplo</strong></span> <span class='ocrx_word' id='word_1_201' title='bbox 1457 2519 1560 2590; x_wconf 82' lang='lat' dir='ltr'><strong>fit,</strong></span> <span class='ocrx_word' id='word_1_202' title='bbox 1608 2521 1672 2578; x_wconf 82' lang='lat' dir='ltr'><strong>id</strong></span> <span class='ocrx_word' id='word_1_203' title='bbox 1714 2541 1830 2578; x_wconf 84' lang='lat' dir='ltr'><strong>non</strong></span> <span class='ocrx_word' id='word_1_204' title='bbox 1874 2521 2057 2580; x_wconf 87' lang='lat' dir='ltr'><strong>solum</strong></span> <span class='ocrx_word' id='word_1_205' title='bbox 2100 2523 2226 2582; x_wconf 89' lang='lat' dir='ltr'><strong>iure</strong></span> <span class='ocrx_word' id='word_1_206' title='bbox 2260 2523 2383 2582; x_wconf 82' lang='lat' dir='ltr'><strong>fieri</strong></span> <span class='ocrx_word' id='word_1_207' title='bbox 2442 2523 2546 2582; x_wconf 84' lang='lat' dir='ltr'><strong>sed</strong></span> <span class='ocrx_word' id='word_1_208' title='bbox 2592 2523 2667 2580; x_wconf 85' lang='lat' dir='ltr'><strong>de</strong></span> <span class='ocrx_word' id='word_1_209' title='bbox 2710 2534 2845 2579; x_wconf 88' lang='lat' dir='ltr'><strong>nota</strong></span> <span class='ocrx_word' id='word_1_210' title='bbox 2886 2518 3129 2578; x_wconf 84' lang='lat' dir='ltr'><strong>meliore</strong></span> 
     </span>
     <span class='ocr_line' id='line_1_25' title="bbox 1017 2601 3128 2697; baseline -0.001 -23"><span class='ocrx_word' id='word_1_211' title='bbox 1017 2627 1227 2694; x_wconf 83' lang='lat' dir='ltr'><strong>putant</strong></span> <span class='ocrx_word' id='word_1_212' title='bbox 1249 2655 1263 2669; x_wconf 89' lang='lat'>.</span> <span class='ocrx_word' id='word_1_213' title='bbox 1298 2622 1490 2690; x_wconf 83' lang='lat' dir='ltr'><strong>Quare</strong></span> <span class='ocrx_word' id='word_1_214' title='bbox 1521 2628 1580 2674; x_wconf 87' lang='lat' dir='ltr'><strong>et</strong></span> <span class='ocrx_word' id='word_1_215' title='bbox 1614 2617 1814 2675; x_wconf 77' lang='lat' dir='ltr'><strong>lexicis</strong></span> <span class='ocrx_word' id='word_1_216' title='bbox 1832 2616 2261 2694; x_wconf 78' lang='lat' dir='ltr'><strong>locupletandis</strong></span> <span class='ocrx_word' id='word_1_217' title='bbox 2294 2601 2916 2697; x_wconf 70' lang='lat' dir='ltr'><strong>grammaticen-umque</strong></span> <span class='ocrx_word' id='word_1_218' title='bbox 2947 2635 3128 2692; x_wconf 73' lang='lat' dir='ltr'><strong>regu·</strong></span> 
     </span>
     <span class='ocr_line' id='line_1_26' title="bbox 1013 2715 3126 2794; baseline 0.001 -22"><span class='ocrx_word' id='word_1_219' title='bbox 1013 2715 1090 2782; x_wconf 80' lang='lat' dir='ltr'><strong>lis</strong></span> <span class='ocrx_word' id='word_1_220' title='bbox 1137 2715 1489 2793; x_wconf 71' lang='lat' dir='ltr'><strong>ampliandis</strong></span> <span class='ocrx_word' id='word_1_221' title='bbox 1540 2717 1759 2773; x_wconf 83' lang='lat' dir='ltr'><strong>Fronto</strong></span> <span class='ocrx_word' id='word_1_222' title='bbox 1812 2716 1873 2773; x_wconf 88' lang='lat' dir='ltr'><strong>in</strong></span> <span class='ocrx_word' id='word_1_223' title='bbox 1916 2715 2125 2792; x_wconf 85' lang='lat' dir='ltr'><strong>primis</strong></span> <span class='ocrx_word' id='word_1_224' title='bbox 2168 2717 2411 2776; x_wconf 86' lang='lat' dir='ltr'><strong>idoneus</strong></span> <span class='ocrx_word' id='word_1_225' title='bbox 2462 2729 2585 2787; x_wconf 82' lang='lat' dir='ltr'><strong>est;</strong></span> <span class='ocrx_word' id='word_1_226' title='bbox 2650 2715 2835 2794; x_wconf 69' lang='lat' dir='ltr'><strong>magis</strong></span> <span class='ocrx_word' id='word_1_227' title='bbox 2882 2715 3126 2774; x_wconf 74' lang='lat' dir='ltr'><strong>fortasse</strong></span> 
     </span>
     <span class='ocr_line' id='line_1_27' title="bbox 1021 2811 3125 2892; baseline 0 -22"><span class='ocrx_word' id='word_1_228' title='bbox 1021 2831 1194 2888; x_wconf 73' lang='lat' dir='ltr'><strong>quem</strong></span> <span class='ocrx_word' id='word_1_229' title='bbox 1247 2833 1398 2872; x_wconf 82' lang='lat' dir='ltr'><strong>nova</strong></span> <span class='ocrx_word' id='word_1_230' title='bbox 1449 2811 1666 2891; x_wconf 86' lang='lat' dir='ltr'><strong>scripta</strong></span> <span class='ocrx_word' id='word_1_231' title='bbox 1710 2811 1890 2890; x_wconf 81' lang='lat' dir='ltr'><strong>ipsius</strong></span> <span class='ocrx_word' id='word_1_232' title='bbox 1924 2813 2221 2872; x_wconf 80' lang='lat' dir='ltr'><strong>Ciceronis</strong></span> <span class='ocrx_word' id='word_1_233' title='bbox 2239 2856 2258 2884; x_wconf 89' lang='lat'>‚</span> <span class='ocrx_word' id='word_1_234' title='bbox 2296 2834 2467 2891; x_wconf 83' lang='lat' dir='ltr'><strong>quem</strong></span> <span class='ocrx_word' id='word_1_235' title='bbox 2502 2835 2537 2873; x_wconf 83' lang='lat' dir='ltr'><strong>a</strong></span> <span class='ocrx_word' id='word_1_236' title='bbox 2568 2811 2917 2892; x_wconf 78' lang='lat' dir='ltr'><strong>quaerendis</strong></span> <span class='ocrx_word' id='word_1_237' title='bbox 2954 2831 3125 2871; x_wconf 79' lang='lat' dir='ltr'><strong>scru-</strong></span> 
     </span>
     <span class='ocr_line' id='line_1_28' title="bbox 1008 2905 3121 2985; baseline 0.003 -21"><span class='ocrx_word' id='word_1_238' title='bbox 1008 2905 1270 2984; x_wconf 81' lang='lat' dir='ltr'><strong>pulosius</strong></span> <span class='ocrx_word' id='word_1_239' title='bbox 1319 2908 1507 2970; x_wconf 78' lang='lat' dir='ltr'><strong>verbis</strong></span> <span class='ocrx_word' id='word_1_240' title='bbox 1552 2907 1758 2985; x_wconf 88' lang='lat' dir='ltr'><strong>procul</strong></span> <span class='ocrx_word' id='word_1_241' title='bbox 1810 2910 2017 2967; x_wconf 78' lang='lat' dir='ltr'><strong>afuisse</strong></span> <span class='ocrx_word' id='word_1_242' title='bbox 2082 2931 2184 2968; x_wconf 84' lang='lat' dir='ltr'><strong>nos</strong></span> <span class='ocrx_word' id='word_1_243' title='bbox 2234 2913 2453 2970; x_wconf 83' lang='lat' dir='ltr'><strong>Fronto</strong></span> <span class='ocrx_word' id='word_1_244' title='bbox 2500 2909 2773 2970; x_wconf 78' lang='lat' dir='ltr'><strong>certiores</strong></span> <span class='ocrx_word' id='word_1_245' title='bbox 2818 2911 2959 2971; x_wconf 79' lang='lat' dir='ltr'><strong>facit</strong></span> <span class='ocrx_word' id='word_1_246' title='bbox 2992 2913 3121 2984; x_wconf 82' lang='lat'>(3).</span> 
     </span>
     <span class='ocr_line' id='line_1_29' title="bbox 1008 3002 3124 3086; baseline 0.003 -27"><span class='ocrx_word' id='word_1_247' title='bbox 1008 3002 1273 3061; x_wconf 83' lang='lat' dir='ltr'><strong>Dicerem</strong></span> <span class='ocrx_word' id='word_1_248' title='bbox 1325 3003 1573 3081; x_wconf 83' lang='lat' dir='ltr'><strong>denique</strong></span> <span class='ocrx_word' id='word_1_249' title='bbox 1626 3023 1733 3062; x_wconf 77' lang='lat' dir='ltr'><strong>nos</strong></span> <span class='ocrx_word' id='word_1_250' title='bbox 1794 3003 2011 3065; x_wconf 82' lang='lat' dir='ltr'><strong>habere</strong></span> <span class='ocrx_word' id='word_1_251' title='bbox 2060 3007 2274 3064; x_wconf 81' lang='lat' dir='ltr'><strong>iustum</strong></span> <span class='ocrx_word' id='word_1_252' title='bbox 2326 3027 2556 3085; x_wconf 82' lang='lat' dir='ltr'><strong>quoque</strong></span> <span class='ocrx_word' id='word_1_253' title='bbox 2609 3006 2874 3066; x_wconf 80' lang='lat' dir='ltr'><strong>historici</strong></span> <span class='ocrx_word' id='word_1_254' title='bbox 2926 3006 3124 3086; x_wconf 83' lang='lat' dir='ltr'><strong>speci-</strong></span> 
     </span>
     <span class='ocr_line' id='line_1_30' title="bbox 1005 3101 3117 3182; baseline 0.003 -27"><span class='ocrx_word' id='word_1_255' title='bbox 1005 3119 1138 3156; x_wconf 87' lang='lat' dir='ltr'><strong>men</strong></span> <span class='ocrx_word' id='word_1_256' title='bbox 1167 3143 1188 3170; x_wconf 90' lang='lat'><strong><em>,</em></strong></span> <span class='ocrx_word' id='word_1_257' title='bbox 1238 3101 1349 3158; x_wconf 87' lang='lat' dir='ltr'><strong>nisi</strong></span> <span class='ocrx_word' id='word_1_258' title='bbox 1391 3103 1514 3162; x_wconf 79' lang='lat' dir='ltr'><strong>eius</strong></span> <span class='ocrx_word' id='word_1_259' title='bbox 1555 3103 1636 3162; x_wconf 88' lang='lat' dir='ltr'><strong>rei</strong></span> <span class='ocrx_word' id='word_1_260' title='bbox 1689 3104 2016 3180; x_wconf 73' lang='lat' dir='ltr'><strong>fragmenta</strong></span> <span class='ocrx_word' id='word_1_261' title='bbox 2056 3103 2230 3162; x_wconf 82' lang='lat' dir='ltr'><strong>nimis</strong></span> <span class='ocrx_word' id='word_1_262' title='bbox 2278 3117 2465 3162; x_wconf 86' lang='lat' dir='ltr'><strong>essent</strong></span> <span class='ocrx_word' id='word_1_263' title='bbox 2531 3103 2781 3182; x_wconf 78' lang='lat' dir='ltr'><strong>abrupta</strong></span> <span class='ocrx_word' id='word_1_264' title='bbox 2810 3145 2831 3174; x_wconf 89' lang='lat'>,</span> <span class='ocrx_word' id='word_1_265' title='bbox 2896 3117 2955 3162; x_wconf 85' lang='lat' dir='ltr'><strong>et</strong></span> <span class='ocrx_word' id='word_1_266' title='bbox 3002 3103 3117 3162; x_wconf 80' lang='lat' dir='ltr'><strong>nisi</strong></span> 
     </span>
     <span class='ocr_line' id='line_1_31' title="bbox 1003 3194 3117 3278; baseline 0.004 -30"><span class='ocrx_word' id='word_1_267' title='bbox 1003 3194 1222 3262; x_wconf 80' lang='lat' dir='ltr'><strong>Fronto</strong></span> <span class='ocrx_word' id='word_1_268' title='bbox 1291 3195 1351 3252; x_wconf 86' lang='lat' dir='ltr'><strong>in</strong></span> <span class='ocrx_word' id='word_1_269' title='bbox 1401 3195 1680 3256; x_wconf 83' lang='lat' dir='ltr'><strong>historiae</strong></span> <span class='ocrx_word' id='word_1_270' title='bbox 1730 3199 2037 3277; x_wconf 83' lang='lat' dir='ltr'><strong>principiis</strong></span> <span class='ocrx_word' id='word_1_271' title='bbox 2094 3199 2513 3278; x_wconf 76' lang='lat' dir='ltr'><strong>panegyricum</strong></span> <span class='ocrx_word' id='word_1_272' title='bbox 2558 3199 2760 3278; x_wconf 83' lang='lat' dir='ltr'><strong>potins</strong></span> <span class='ocrx_word' id='word_1_273' title='bbox 2802 3203 2890 3260; x_wconf 87' lang='lat' dir='ltr'><strong>.L.</strong></span> <span class='ocrx_word' id='word_1_274' title='bbox 2928 3198 3117 3268; x_wconf 81' lang='lat' dir='ltr'><strong>Veri,</strong></span> 
     </span>
     <span class='ocr_line' id='line_1_32' title="bbox 1003 3291 2334 3366; baseline 0.005 -18"><span class='ocrx_word' id='word_1_275' title='bbox 1003 3309 1176 3366; x_wconf 83' lang='lat' dir='ltr'><strong>quam</strong></span> <span class='ocrx_word' id='word_1_276' title='bbox 1225 3291 1532 3352; x_wconf 83' lang='lat' dir='ltr'><strong>historiam</strong></span> <span class='ocrx_word' id='word_1_277' title='bbox 1586 3294 1947 3365; x_wconf 78' lang='lat' dir='ltr'><strong>veridicam,</strong></span> <span class='ocrx_word' id='word_1_278' title='bbox 1995 3294 2334 3355; x_wconf 78' lang='lat' dir='ltr'><strong>moliretur.</strong></span> 
     </span>
    </p>

    <p class='ocr_par' dir='ltr' id='par_1_5' title="bbox 991 3390 3115 3858">
     <span class='ocr_line' id='line_1_33' title="bbox 1168 3390 3115 3470; baseline 0.003 -26"><span class='ocrx_word' id='word_1_279' title='bbox 1168 3390 1268 3446; x_wconf 74' lang='lat' dir='ltr'><strong>xl.</strong></span> <span class='ocrx_word' id='word_1_280' title='bbox 1317 3390 1493 3448; x_wconf 77' lang='lat' dir='ltr'><strong>Marci</strong></span> <span class='ocrx_word' id='word_1_281' title='bbox 1559 3405 1753 3450; x_wconf 81' lang='lat' dir='ltr'><strong>autem</strong></span> <span class='ocrx_word' id='word_1_282' title='bbox 1802 3393 2027 3457; x_wconf 68' lang='lat' dir='ltr'><strong>Aurelii</strong></span> <span class='ocrx_word' id='word_1_283' title='bbox 2080 3394 2279 3452; x_wconf 82' lang='lat' dir='ltr'><strong>stilum</strong></span> <span class='ocrx_word' id='word_1_284' title='bbox 2346 3415 2477 3453; x_wconf 87' lang='lat' dir='ltr'><strong>eum</strong></span> <span class='ocrx_word' id='word_1_285' title='bbox 2539 3392 2603 3450; x_wconf 89' lang='lat' dir='ltr'><strong>in</strong></span> <span class='ocrx_word' id='word_1_286' title='bbox 2666 3393 2789 3452; x_wconf 84' lang='lat' dir='ltr'><strong>eius</strong></span> <span class='ocrx_word' id='word_1_287' title='bbox 2843 3391 3115 3470; x_wconf 82' lang='lat' dir='ltr'><strong>epistulis</strong></span> 
     </span>
     <span class='ocr_line' id='line_1_34' title="bbox 1004 3485 3113 3569; baseline 0.003 -27"><span class='ocrx_word' id='word_1_288' title='bbox 1004 3485 1240 3544; x_wconf 81' lang='lat' dir='ltr'><strong>abunde</strong></span> <span class='ocrx_word' id='word_1_289' title='bbox 1299 3487 1584 3547; x_wconf 85' lang='lat' dir='ltr'><strong>cernimus</strong></span> <span class='ocrx_word' id='word_1_290' title='bbox 1613 3531 1632 3560; x_wconf 89' lang='lat'><strong>,</strong></span> <span class='ocrx_word' id='word_1_291' title='bbox 1687 3503 1811 3548; x_wconf 82' lang='lat' dir='ltr'><strong>tum</strong></span> <span class='ocrx_word' id='word_1_292' title='bbox 1858 3494 2077 3549; x_wconf 83' lang='lat' dir='ltr'><strong>Fronto</strong></span> <span class='ocrx_word' id='word_1_293' title='bbox 2128 3512 2245 3550; x_wconf 89' lang='lat' dir='ltr'><strong>non</strong></span> <span class='ocrx_word' id='word_1_294' title='bbox 2302 3490 2490 3550; x_wconf 70' lang='lat' dir='ltr'><strong>nolum</strong></span> <span class='ocrx_word' id='word_1_295' title='bbox 2556 3511 2729 3569; x_wconf 80' lang='lat' dir='ltr'><strong>saepe</strong></span> <span class='ocrx_word' id='word_1_296' title='bbox 2782 3489 3113 3548; x_wconf 82' lang='lat' dir='ltr'><strong>testimonio</strong></span> 
     </span>
     <span class='ocr_line' id='line_1_35' title="bbox 994 3584 3112 3662; baseline 0.002 -24"><span class='ocrx_word' id='word_1_297' title='bbox 994 3601 1098 3640; x_wconf 78' lang='lat' dir='ltr'><strong>suo</strong></span> <span class='ocrx_word' id='word_1_298' title='bbox 1165 3587 1504 3662; x_wconf 83' lang='lat' dir='ltr'><strong>comprobat</strong></span> <span class='ocrx_word' id='word_1_299' title='bbox 1537 3629 1558 3656; x_wconf 85' lang='lat'>,</span> <span class='ocrx_word' id='word_1_300' title='bbox 1611 3587 1716 3646; x_wconf 80' lang='lat' dir='ltr'><strong>sed</strong></span> <span class='ocrx_word' id='word_1_301' title='bbox 1748 3600 1939 3647; x_wconf 85' lang='lat' dir='ltr'><strong>sectae</strong></span> <span class='ocrx_word' id='word_1_302' title='bbox 1982 3607 2129 3646; x_wconf 73' lang='lat' dir='ltr'><strong>suae</strong></span> <span class='ocrx_word' id='word_1_303' title='bbox 2178 3589 2245 3645; x_wconf 88' lang='lat' dir='ltr'><strong>in</strong></span> <span class='ocrx_word' id='word_1_304' title='bbox 2300 3588 2424 3647; x_wconf 86' lang='lat' dir='ltr'><strong>eius</strong></span> <span class='ocrx_word' id='word_1_305' title='bbox 2468 3586 2795 3647; x_wconf 86' lang='lat' dir='ltr'><strong>elocutione</strong></span> <span class='ocrx_word' id='word_1_306' title='bbox 2856 3584 3112 3662; x_wconf 75' lang='lat' dir='ltr'><strong>vestigia</strong></span> 
     </span>
     <span class='ocr_line' id='line_1_36' title="bbox 992 3677 3112 3764; baseline 0.002 -29"><span class='ocrx_word' id='word_1_307' title='bbox 992 3677 1450 3739; x_wconf 77' lang='lat' dir='ltr'><strong>animadvertit.</strong></span> <span class='ocrx_word' id='word_1_308' title='bbox 1495 3681 1805 3743; x_wconf 82' lang='lat' dir='ltr'><strong>Enimvero</strong></span> <span class='ocrx_word' id='word_1_309' title='bbox 1830 3704 2001 3762; x_wconf 73' lang='lat' dir='ltr'><strong>pure</strong></span> <span class='ocrx_word' id='word_1_310' title='bbox 2035 3696 2095 3742; x_wconf 84' lang='lat' dir='ltr'><strong>et</strong></span> <span class='ocrx_word' id='word_1_311' title='bbox 2142 3705 2315 3764; x_wconf 84' lang='lat' dir='ltr'><strong>saepe</strong></span> <span class='ocrx_word' id='word_1_312' title='bbox 2352 3683 2632 3762; x_wconf 77' lang='lat' dir='ltr'><strong>Plautinis</strong></span> <span class='ocrx_word' id='word_1_313' title='bbox 2679 3679 2977 3743; x_wconf 65' lang='lat' dir='ltr'><strong>vocabulis</strong></span> <span class='ocrx_word' id='word_1_314' title='bbox 3010 3682 3112 3740; x_wconf 86' lang='lat' dir='ltr'><strong>lo·-</strong></span> 
     </span>
     <span class='ocr_line' id='line_1_37' title="bbox 991 3776 3105 3858; baseline 0.002 -27"><span class='ocrx_word' id='word_1_315' title='bbox 991 3776 1192 3852; x_wconf 82' lang='lat' dir='ltr'><strong>quimr</strong></span> <span class='ocrx_word' id='word_1_316' title='bbox 1223 3777 1880 3849; x_wconf 76' lang='lat' dir='ltr'><strong>Marcus,humanitatis</strong></span> <span class='ocrx_word' id='word_1_317' title='bbox 1914 3800 2147 3858; x_wconf 83' lang='lat' dir='ltr'><strong>sparsus</strong></span> <span class='ocrx_word' id='word_1_318' title='bbox 2170 3781 2330 3851; x_wconf 80' lang='lat' dir='ltr'><strong>sale,</strong></span> <span class='ocrx_word' id='word_1_319' title='bbox 2368 3799 2497 3839; x_wconf 85' lang='lat' dir='ltr'><strong>cum</strong></span> <span class='ocrx_word' id='word_1_320' title='bbox 2533 3777 2855 3856; x_wconf 79' lang='lat' dir='ltr'><strong>insignibus</strong></span> <span class='ocrx_word' id='word_1_321' title='bbox 2874 3777 3105 3856; x_wconf 36' lang='lat' dir='ltr'><strong>‘amoris</strong></span> 
     </span>
    </p>
   </div>
   <div class='ocr_carea' id='block_1_4' title="bbox 969 3965 3124 4187">
    <p class='ocr_par' dir='ltr' id='par_1_6' title="bbox 969 3965 3124 4187">
     <span class='ocr_line' id='line_1_38' title="bbox 1038 3965 3124 4036; baseline 0.001 -18"><span class='ocrx_word' id='word_1_322' title='bbox 1038 3965 1128 4036; x_wconf 86' lang='lat'><strong>(1)</strong></span> <span class='ocrx_word' id='word_1_323' title='bbox 1182 3972 1374 4023; x_wconf 69' lang='lat' dir='ltr'><strong>Sene-in</strong></span> <span class='ocrx_word' id='word_1_324' title='bbox 1397 3971 1769 4024; x_wconf 76' lang='lat' dir='ltr'><strong>‘frontonianam</strong></span> <span class='ocrx_word' id='word_1_325' title='bbox 1811 3990 1911 4024; x_wconf 83' lang='lat' dir='ltr'><strong>non</strong></span> <span class='ocrx_word' id='word_1_326' title='bbox 1950 3971 2180 4025; x_wconf 74' lang='lat' dir='ltr'><strong>Sidoniu-</strong></span> <span class='ocrx_word' id='word_1_327' title='bbox 2233 3975 2393 4026; x_wconf 68' lang='lat' dir='ltr'><strong>notum</strong></span> <span class='ocrx_word' id='word_1_328' title='bbox 2430 3988 2483 4028; x_wconf 84' lang='lat' dir='ltr'><strong>et</strong></span> <span class='ocrx_word' id='word_1_329' title='bbox 2532 3972 2845 4032; x_wconf 74' lang='lat' dir='ltr'><strong>Macrobius,</strong></span> <span class='ocrx_word' id='word_1_330' title='bbox 2898 3967 2981 4022; x_wconf 70' lang='lat' dir='ltr'><strong>ted</strong></span> <span class='ocrx_word' id='word_1_331' title='bbox 3012 3971 3124 4036; x_wconf 71' lang='lat' dir='ltr'><strong>ipsa</strong></span> 
     </span>
     <span class='ocr_line' id='line_1_39' title="bbox 971 4043 3122 4117; baseline 0.003 -25"><span class='ocrx_word' id='word_1_332' title='bbox 971 4057 1172 4109; x_wconf 74' lang='lat' dir='ltr'><strong>quoqne</strong></span> <span class='ocrx_word' id='word_1_333' title='bbox 1205 4043 1390 4094; x_wconf 77' lang='lat' dir='ltr'><strong>Fronto</strong></span> <span class='ocrx_word' id='word_1_334' title='bbox 1435 4047 1652 4116; x_wconf 76' lang='lat' dir='ltr'><strong>agnoscit</strong></span> <span class='ocrx_word' id='word_1_335' title='bbox 1688 4045 1751 4094; x_wconf 84' lang='lat' dir='ltr'><strong>ad</strong></span> <span class='ocrx_word' id='word_1_336' title='bbox 1788 4049 1906 4096; x_wconf 77' lang='lat' dir='ltr'><strong>Ant.</strong></span> <span class='ocrx_word' id='word_1_337' title='bbox 1941 4045 2057 4112; x_wconf 81' lang='lat' dir='ltr'><strong>imp.</strong></span> <span class='ocrx_word' id='word_1_338' title='bbox 2104 4049 2145 4096; x_wconf 91' lang='lat'><strong>1.</strong></span> <span class='ocrx_word' id='word_1_339' title='bbox 2203 4063 2253 4094; x_wconf 76' lang='lat' dir='ltr'><strong>a.</strong></span> <span class='ocrx_word' id='word_1_340' title='bbox 2298 4065 2353 4117; x_wconf 75' lang='lat' dir='ltr'><strong>p.</strong></span> <span class='ocrx_word' id='word_1_341' title='bbox 2404 4059 2519 4110; x_wconf 74' lang='lat'><strong>144.</strong></span> <span class='ocrx_word' id='word_1_342' title='bbox 2588 4045 2683 4113; x_wconf 74' lang='lat' dir='ltr'><strong>(a)</strong></span> <span class='ocrx_word' id='word_1_343' title='bbox 2716 4043 2797 4098; x_wconf 64' lang='lat' dir='ltr'><strong>Ad</strong></span> <span class='ocrx_word' id='word_1_344' title='bbox 2834 4045 2923 4098; x_wconf 68' lang='lat' dir='ltr'><strong>M·</strong></span> <span class='ocrx_word' id='word_1_345' title='bbox 2976 4043 3122 4094; x_wconf 65' lang='lat'>01⁸⁸-</span> 
     </span>
     <span class='ocr_line' id='line_1_40' title="bbox 969 4111 2725 4187; baseline 0.009 -27"><span class='ocrx_word' id='word_1_346' title='bbox 969 4111 1102 4166; x_wconf 84' lang='lat'>1111.</span> <span class='ocrx_word' id='word_1_347' title='bbox 1147 4115 1194 4164; x_wconf 84' lang='grc'><strong>3.</strong></span> <span class='ocrx_word' id='word_1_348' title='bbox 1229 4127 1284 4182; x_wconf 73' lang='lat' dir='ltr'><strong>p.</strong></span> <span class='ocrx_word' id='word_1_349' title='bbox 1326 4116 1414 4185; x_wconf 85' lang='lat'><strong>96.</strong></span> <span class='ocrx_word' id='word_1_350' title='bbox 1479 4117 1574 4187; x_wconf 56' lang='lat'><strong>(3)</strong></span> <span class='ocrx_word' id='word_1_351' title='bbox 1606 4115 1690 4168; x_wconf 69' lang='lat' dir='ltr'><strong>Ad</strong></span> <span class='ocrx_word' id='word_1_352' title='bbox 1732 4117 1984 4168; x_wconf 57' lang='lat' dir='ltr'><strong>-M--Gaem</strong></span> <span class='ocrx_word' id='word_1_353' title='bbox 2014 4116 2143 4170; x_wconf 71' lang='lat' dir='ltr'><strong>itt-1.</strong></span> <span class='ocrx_word' id='word_1_354' title='bbox 2186 4119 2235 4168; x_wconf 76' lang='lat'><strong>3.</strong></span> <span class='ocrx_word' id='word_1_355' title='bbox 2417 4169 2421 4173; x_wconf 75' lang='grc'><strong>,</strong></span> <span class='ocrx_word' id='word_1_356' title='bbox 2712 4165 2725 4176; x_wconf 81' lang='grc'><strong>.</strong></span> 
     </span>
    </p>
   </div>
   <div class='ocr_carea' id='block_1_5' title="bbox 2794 4233 2851 4246">
    <p class='ocr_par' dir='ltr' id='par_1_7' title="bbox 2794 4233 2851 4246">
     <span class='ocr_line' id='line_1_41' title="bbox 2794 4233 2851 4246; baseline -0.035 0"><span class='ocrx_word' id='word_1_357' title='bbox 2794 4233 2851 4246; x_wconf 73' lang='lat' dir='ltr'><strong>-u&#39;</strong></span> 
     </span>
    </p>
   </div>
  </div>
 </body>
</html>
