3384 5134
789 460 1562 519 IMPBRATOREM
2129 448 2268 544 193

113 569 280 631 tum
317 570 355 608 ⁸
391 611 413 629 .
469 556 750 632 Morem
793 558 1098 663 denique
1134 564 1458 637 sauiandi
1489 564 1797 640 arbitror
1818 562 2078 641 honori
2112 567 2269 641 elo-

115 677 456 779 quentiae
489 680 744 755 datum
791 738 812 756 .
864 682 1054 757 Nam
1111 710 1244 761 cur
1295 712 1380 761 os
1439 690 1684 787 potius
1730 688 2111 778 salutantes
2158 690 2271 763 ori

115 799 602 884 admonemus
631 856 654 897 ,
690 828 912 904 quam
953 802 1208 879 oculos
1235 806 1464 881 oculis
1492 860 1514 895 ‚
1552 822 1674 881 aut
1705 808 1973 881 frontes
2011 808 2272 882 fronti-

113 921 258 995 bus
279 976 303 1014 .‚
335 938 460 995 aut
483 922 743 1023 quibus
765 922 1170 1025 plurimum
1195 925 1515 1001 ualemus
1535 982 1558 1020 ‚
1589 954 1845 1003 manus
1870 928 2201 1001 manibus
2230 984 2255 1026 ‚

113 1038 260 1112 nisi
291 1039 493 1141 quod
525 1042 881 1117 honorem
906 1046 1218 1120 orationi
1249 1046 1709 1146 impertimus
1743 1040 1785 1125 ’.Ρ
1839 1048 2035 1121 Muta
2060 1046 2265 1123 deni-

113 1186 258 1257 que
310 1159 800 1249 animaliaora
814 1164 1004 1239 tione
1050 1164 1368 1240 carentia
1412 1166 1632 1241 etiam
1664 1164 1931 1241 osculis
1968 1182 2211 1245 carent
2244 1223 2266 1241 .

115 1278 340 1349 Hunc
363 1304 496 1376 ego
515 1279 874 1356 honorem
899 1282 1078 1359 mihi
1105 1311 1142 1357 a
1181 1298 1248 1357 te
1273 1282 1608 1359 habitum
1643 1278 1994 1388 [pendo]
2034 1286 2265 1359 maxi·-

115 1422 254 1471 mo
273 1412 350 1471 et
387 1401 810 1497 grauissimo
849 1402 1170 1503 pondere
1196 1459 1214 1475 .
1252 1403 1579 1479 Plurima
1625 1417 1986 1504 praeterea
2011 1418 2129 1478 tua
2152 1431 2267 1477 er-

117 1540 200 1613 ga
237 1540 360 1589 me
383 1543 672 1595 summo
697 1546 870 1596 cum
893 1546 1058 1595 meo
1077 1522 1350 1603 honore
1382 1536 1454 1593 et
1489 1522 1686 1599 dicta
1712 1536 1787 1595 et
1809 1521 2003 1595 sacta
2030 1522 2215 1597 sensi
2238 1576 2262 1595 .

119 1638 476 1729 Quotiens
531 1654 607 1715 tu
651 1667 770 1717 me
815 1640 1143 1717 manibus
1203 1643 1344 1717 tuis
1395 1642 1793 1719 sustinuisti
1839 1697 1861 1735 .,
1918 1640 2265 1717 adleuasti

121 1781 326 1853 aegre
386 1757 879 1857 adsurgentem
931 1814 954 1852 .,
1011 1777 1135 1835 aut
1189 1760 1478 1837 difficile
1527 1760 2101 1865 progredientem
2136 1786 2267 1859 per

115 1874 610 1953 ualetudinem
649 1880 980 1980 corpuris
1025 1872 1064 1929 Β
1097 1906 1318 1981 paene
1363 1882 1676 1981 portasti
1715 1872 1757 1953 ’ἶ
1794 1904 2017 1981 quam
2046 1877 2264 1954 hilari

117 1991 330 2067 uultu
364 2010 651 2099 sem‘per
697 2011 772 2075 et
819 1992 1310 2099 placatissimo
1359 2024 1490 2077 nos
1520 1996 1805 2072 adfatus
1835 2024 1913 2071 es
1945 1990 1987 2075 ’.Ρ
2039 2020 2267 2098 quam

121 2112 432 2191 libenter
451 2117 778 2193 conseuis
789 2119 838 2191 ti
867 2142 1276 2197 sermonem
1299 2112 1341 2195 ?
1385 2116 1735 2222 quamdiu
1782 2115 2201 2219 produxisti
2226 2108 2271 2189 ’.Ρ

121 2259 348 2335 quam
384 2234 650 2311 inuitus
683 2236 1076 2315 terminasti
1114 2229 1156 2311 ’.Ρ
1187 2262 1365 2337 quae
1413 2261 1540 2335 ego
1574 2262 1713 2337 pro
1762 2235 2099 2310 maximis
2132 2232 2271 2307 du·-

126 2376 222 2429 co
251 2410 270 2425 .
295 2356 502 2430 Sicut
523 2356 597 2431 in
617 2358 800 2433 extis
827 2358 1060 2431 diffisa
1076 2370 1106 2409 ⁰
1133 2356 1554 2461 plerumque
1586 2356 1887 2433 minima
1915 2371 1989 2430 et
2009 2356 2275 2429 tenuis-

124 2474 309 2549 sima
367 2477 724 2553 maximas
755 2478 1151 2577 significant
1187 2476 1705 2577 prosperitates
1743 2502 1763 2570 ς
1806 2489 1889 2552 ut
1911 2476 2270 2550 formicu-

122 2592 364 2668 larum
391 2609 468 2669 et
503 2598 952 2698 apicularum
1003 2597 1304 2673 ostentis
1343 2622 1456 2671 res
1486 2594 1849 2671 maximae
1881 2588 1922 2645 ‘¹
1960 2586 2271 2701 porten-

125 2715 396 2793 duntur
422 2750 446 2815 3
478 2719 576 2795 ita
602 2718 716 2793 uel
741 2718 1058 2792 minimis
1091 2732 1162 2791 et
1180 2715 1564 2791 leuissimis
1599 2715 1691 2791 ab
1730 2742 1873 2791 uno
1912 2728 1985 2789 et
2016 2714 2215 2790 Uero
2238 2724 2272 2761 ⁰

126 2842 460 2944 principe
517 2840 783 2915 habitis
806 2841 1042 2918 'officii
1093 2855 1166 2915 ct
1199 2840 1432 2918 bonae
1485 2838 1841 2921 uolentiac
1878 2830 1907 2887 f
1930 2836 2145 2936 signis
2172 2834 2275 2909 si-

129 2959 445 3056 gnificari
477 2962 794 3037 arbitror
819 2987 900 3035 ea
936 2986 1118 3061 quae
1145 2958 1586 3061 amplissima
1613 2972 1687 3031 et
1729 2952 2273 3057 exoptatissima

131 3080 316 3152 inter
332 3080 658 3156 homines
683 3096 846 3155 sunt
876 3136 898 3174 .‚
937 3106 1143 3153 amor
1165 3080 1540 3176 honorque
1564 3132 1583 3149 .
1619 3076 1847 3174 Igitur
1866 3095 2265 3175 quaecum-

133 3222 270 3299 que
300 3228 337 3273 a
375 3202 692 3275 Domino
754 3192 789 3302 [
824 3192 1048 3301 meo]
1108 3211 1237 3272 tuo
1301 3198 1516 3270 fratre
1567 3192 1873 3299 petenda
1925 3193 2213 3266 fuerunt
2236 3240 2267 3283 ,

131 3344 266 3421 per
289 3332 360 3393 te
406 3320 628 3421 petita
667 3332 878 3419 atque
909 3316 1296 3417 impetrata
1327 3314 1573 3391 om'nifi
1605 3310 1832 3387 malui
1867 3366 1888 3383 .

445 3584 668 3637 Vssll·
745 3582 1041 3636 nomme
1093 3582 1250 3631 MEO
1315 3582 1510 3633 URRO
1561 3575 1959 3631 AUGUSTO.

337 3800 804 3875 Firmum
831 3824 952 3873 me
966 3794 1370 3872 ualetudine
1391 3794 1665 3873 diutina
1689 3806 1764 3869 et
1785 3802 2071 3897 praeter
2091 3784 2267 3875 soli-

204 4006 400 4059 aeod-
439 4004 642 4060 locaeo.
714 4006 1123 4059 hle-achaiae.
1190 4002 1855 4091 clncod.prodiffissa.
1922 3995 2265 4054 deut-ma

137 4094 306 4143 sitne.
375 4090 797 4143 eLuinothrot
815 4086 1310 4155 induplicioeusu
1353 4074 1656 4140 ‘faova-o
1713 4079 1847 4157 flu
1892 4083 2141 4154 margine,
2180 4067 2269 4135 abi

137 4169 254 4221 haec
287 4184 614 4237 repetuntur.
671 4188 720 4221 e·
721 4185 764 4223 t.
785 4165 1186 4227 beniuolentiae.

238 4287 418 4368 Vol.
453 4285 572 4361 ΙΙ.
1659 4278 1747 4361 13
