3384 5134
1025 514 1072 564 ι,
1101 516 1126 565 ι
1157 518 1194 565 n
1223 518 1264 565 ε
1291 517 1339 567 ιι
1429 516 1458 563 ι
1882 530 1889 539 ·
2175 496 2317 569 ωδ

641 756 806 805 1111.
863 755 1248 811 mams‘rno
1303 758 1458 807 nmo
1513 757 1855 808 suu-rem
1884 786 1908 803 .

373 973 570 1048 U1n1
615 974 879 1049 filiolos
903 990 934 1023 ⁸
971 1002 1175 1050 meos
1210 1000 1440 1076 quom
1472 1002 1594 1050 eos
1621 992 1697 1049 tu
1730 976 2025 1073 uidisiir,
2060 976 2218 1052 uidi
2251 992 2331 1052 et

163 1108 232 1169 te
273 1120 446 1171 cum
486 1097 758 1171 litteras
807 1112 964 1170 tuas
1002 1096 1306 1195 legerem
1344 1156 1362 1169 .
1405 1100 1556 1171 Oro
1607 1113 1675 1171 te
1716 1155 1737 1194 ‚
1779 1100 1885 1171 mi
1934 1098 2325 1196 magister,

159 1244 328 1293 ama
377 1244 496 1293 me
531 1232 613 1290 ut
660 1246 857 1293 amas
897 1250 920 1313 ς
965 1245 1126 1291 ama
1175 1244 1294 1293 me
1337 1220 1442 1293 sic
1479 1221 1694 1294 etiam
1728 1220 2105 1321 quomodo
2141 1221 2327 1293 istos

157 1335 510 1435 paruolus
539 1349 830 1411 nostros
869 1364 1108 1411 amas:
1135 1337 1463 1412 nondum
1500 1366 1718 1415 omne
1753 1340 1905 1415 dixi
1945 1341 2145 1443 quod
2180 1366 2325 1414 uo-

159 1456 238 1531 lo
267 1514 292 1552 ‚
351 1485 514 1533 ama
549 1485 668 1533 me
707 1460 1088 1560 quomodo
1153 1463 1456 1535 amasti.
1497 1461 1694 1535 Haec
1752 1479 1838 1537 ut
1876 1462 2265 1536 scriberem
2296 1516 2325 1555 ‚

163 1594 452 1653 tuarum
473 1580 876 1655 litterarum
902 1583 1086 1656 mira
1117 1584 1524 1657 iucunditas
1555 1576 1989 1686 produxit*.
2020 1584 2211 1655 Nam
2234 1580 2325 1653 de

161 1699 504 1797 elegantia
549 1700 729 1801 quid
761 1701 1010 1775 dicam
1044 1697 1086 1777 ’.Ρ
1123 1704 1262 1777 nisi
1309 1720 1377 1779 te
1430 1704 1652 1777 latine
1679 1703 1890 1803 loqui
1929 1758 1951 1799 ‚
2004 1728 2141 1775 nos
2191 1725 2323 1774 ee-

161 1835 356 1894 teros
393 1833 414 1868 ¹
445 1846 672 1922 neque
719 1848 964 1918 graece
1001 1850 1230 1926 neque
1265 1824 1484 1897 latine
1519 1880 1540 1895 .
1600 1823 1923 1897 Domino
1965 1846 2131 1895 meo
2168 1820 2321 1893 fra-

165 1939 260 2014 tri
288 1954 466 2040 peto
502 1941 866 2041 scriptites
896 1976 916 2013 ε
950 1941 1160 2016 ualde
1191 1942 1354 2018 uolt
1383 1958 1466 2017 ut
1495 1943 1640 2017 hoc
1691 1972 1732 2016 a
1781 1957 1851 2015 te
1884 1942 2271 2041 impetrem
2295 1973 2319 2011 ε

160 2058 516 2133 desideria
541 2075 781 2135 autem
811 2064 1006 2137 illius
1039 2064 1634 2164 intemperantem
1662 2049 1784 2135 me
1815 2074 1887 2135 et
1918 2059 2322 2133 uiolentum

164 2180 442 2255 faciunt
478 2237 496 2253 .
551 2182 734 2255 Uale
773 2185 880 2256 mi
926 2184 1441 2258 iucundissime
1499 2183 1837 2282 magister
1868 2239 1885 2253 .
1956 2180 2329 2283 Nepotem·

165 2312 378 2375 tuum
427 2298 656 2377 saluta
687 2359 707 2376 .

511 2567 588 2613 V.
627 2568 1012 2621 Awromno
1048 2570 1392 2622 AUGUSTO
1431 2570 1727 2621 DOMINO
1766 2568 1927 2619 MEO
1954 2598 1978 2617 0

367 2776 602 2855 Antea
635 2774 674 2833 b
697 2800 978 2884 gestum
1005 2768 1042 2883 ,ἕ
1073 2802 1251 2890 post
1289 2784 1598 2861 relatum
1631 2798 1666 2837 2
1704 2843 1727 2882 .,
1786 2788 1989 2861 aiunt
2018 2784 2145 2886 qui
2198 2795 2315 2855 ta·-

157 2895 369 2969 bulas
403 2900 653 2977 sedulo
691 2909 1089 2981 conficiunt
1111 2962 1128 2978 .
1177 2906 1386 2980 Idem
1423 2906 1731 2980 uerbum
1759 2903 2105 3006 epistulae
2144 2900 2319 2978 huic

158 3036 668 3117 opportunum
734 3043 882 3125 est,
920 3056 1098 3131 quae
1133 3027 1390 3101 litteris
1417 3028 1560 3100 tuis
1586 3052 1817 3126 nuper
1852 3024 1944 3098 ad
1982 3050 2101 3095 me
2134 3024 2313 3101 scri-e

159 3141 314 3237 ptis
345 3168 540 3219 nunc
573 3146 870 3225 demum
901 3150 1324 3254 respondet.
1362 3152 1588 3225 Causa
1616 3174 1863 3223 morae
1892 3146 2029 3219 fuit
2054 3198 2078 3240 .,
2116 3140 2321 3243 quod

153 3284 330 3335 cum
389 3266 770 3343 rescribere
819 3273 1286 3347 instituissem
1315 3328 1358 3363 ,,
1407 3270 1761 3373 quaedam
1812 3265 2043 3338 menti
2096 3285 2301 3335 meae

157 3408 234 3453 se
289 3382 680 3463 offerebant
716 3412 864 3465 non
906 3392 1165 3492 supino
1215 3446 1240 3485 ‚
1309 3406 1395 3465 ut
1443 3390 1715 3463 dicitur
1754 3442 1779 3481 ‚
1843 3398 2085 3458 rostro
2140 3377 2322 3455 scri-

341 3618 375 3649 ⁴*
419 3621 522 3684 M.
573 3624 750 3688 Tota
815 3598 982 3687 haee
1037 3621 1490 3714 panygyricus
1527 3646 1560 3683 e
1591 3667 1614 3683 .

223 3874 264 3905 a
297 3854 376 3905 Ita
415 3854 524 3905 heic
556 3852 670 3905 eod.
693 3852 776 3905 ned
799 3852 854 3903 in
875 3853 1038 3904 indice
1059 3850 1203 3925 filivs
1222 3891 1236 3904 .
1309 3851 1339 3903 b
1373 3853 1498 3905 cod.
1539 3855 1590 3905 in
1624 3852 1787 3903 indice
1816 3859 1933 3901 ante
1960 3866 1978 3911 3
2002 3848 2111 3901 heic
2131 3852 2245 3915 item
2274 3834 2327 3903 ι..

151 3944 346 3990 mansu
369 3926 452 3977 ved
475 3940 524 3979 a.
543 3936 704 3975 antea
731 3963 746 3977 .
815 3940 846 3973 c
879 3926 1208 3995 Panegyricus
1229 3927 1386 3977 tubat.
1405 3925 1572 3976 femin.
1592 3942 1767 3995 genere
1793 3960 1807 3983 ‚
1828 3938 1881 3973 et
1908 3938 2029 3971 cnm
2048 3922 2233 3991 duplici
2246 3944 2309 3993 y.

243 4116 268 4151 ι
309 4095 590 4151 Nummus
605 4092 957 4151 locutionem
982 4092 1042 4149 in
1057 4092 1200 4151 uul-
1362 4114 1394 4153 2
1445 4096 1494 4151 T
1496 4090 1892 4167 abuiariorum
1934 4112 2037 4150 seu
2080 4090 2314 4173 dispen-

151 4176 280 4253 gari
309 4178 594 4273 italorum
627 4174 830 4255 lingua
861 4176 1200 4269 adhuc‘su-
1277 4191 1538 4255 satorum
1561 4176 2038 4261 apophthegma.

149 4272 484 4339 persmem.
