3384 5134
861 464 1542 520 Azsxensuus
2104 471 2254 551 207

125 566 520 669 tranquillo
582 564 660 638 in
707 562 937 637 altum
988 566 1559 667 portisculorum
1591 577 1666 639 et
1694 565 2063 663 ,remigum
2094 568 2257 643 uisu

123 690 522 789 audituque
561 684 994 781 oblectarem
1045 699 1372 761 actutum
1411 685 1576 759 inde
1610 684 1895 761 balneas
1930 702 2209 789 peteres
2232 740 2263 783 ‚

124 830 402 907 corpus
429 804 521 879 ad
543 804 882 878 sudorem
920 804 1210 878 uberem
1250 828 1747 879 commoneres
1773 862 1799 901 ‚
1840 808 2265 880 conuiuium

124 924 392 999 deinde
443 925 714 1022 regium
767 924 1062 1022 agitares
1114 924 1412 999 conchis
1449 936 1470 971 ¹
1499 926 1829 1032 omnium
1862 950 2199 1025 generum
2232 976 2265 1021 ‚

115 1044 458 1147 plautino
497 1046 776 1145 piscatu
829 1042 1155 1119 hamatili
1184 1052 1218 1137 ,’
1263 1058 1346 1116 ut
1379 1042 1500 1117 ille
1544 1044 1646 1117 a'it
1677 1057 1715 1097 2
1748 1100 1773 1139 .,
1812 1056 1886 1119 et
1930 1044 2265 1141 saxatili,

113 1164 450 1240 altilibus
479 1180 802 1239 ueterum
852 1164 1254 1263 saginarum
1289 1207 1314 1258 ·‚
1369 1166 1642 1239 mattiis
1678 1165 1986 1267 pomis,
2039 1162 2265 1239 bella·-

114 1286 258 1361 riis
305 1341 331 1380 ,
389 1284 721 1358 crustulis
761 1340 786 1379 ‚
852 1284 1039 1357 uinis
1115 1284 1446 1359 felicibus
1501 1340 1527 1379 .,
1606 1285 1951 1359 calicibus
2015 1282 2266 1385 perlu-

119 1404 318 1479 cidis
355 1405 504 1479 sine
534 1399 876 1497 delatoria
903 1418 1076 1478 nota
1110 1461 1130 1476 .
1187 1404 1384 1497 Quid
1433 1404 1576 1485 hoc
1615 1404 1819 1477 uerbi
1846 1404 1941 1478 sit
1975 1459 1999 1499 ‚
2056 1431 2269 1506 quae-

115 1549 248 1598 ras
285 1522 642 1616 fortasse3
700 1523 946 1622 accipe
997 1524 1215 1621 igitur
1253 1578 1272 1595 .
1329 1524 1438 1597 Ut
1487 1524 1719 1597 homo
1774 1549 1909 1622 ego
1952 1521 2270 1599 multum

55 1666 62 1672 ·
121 1640 484 1717 facundus
515 1656 588 1716 et
623 1644 924 1715 Senecae
943 1644 1217 1717 Annaei
1247 1659 1562 1719 sectator
1598 1637 1633 1696 3
1670 1644 2017 1720 faustiana
2040 1647 2203 1720 uina
2234 1642 2272 1704 4

121 1763 228 1836 de
277 1760 508 1836 Sullae
553 1762 803 1837 Fausti
853 1777 1340 1879 cognomento
1375 1820 1397 1854 ‚
1453 1764 1685 1839 felicia
1735 1765 2025 1867 appello
2060 1798 2078 1835 ε
2136 1788 2267 1837 ca-

119 1882 354 1955 licem
387 1906 562 1955 uero
603 1882 752 1955 sine
783 1881 1128 1957 delatoria
1162 1900 1332 1959 nota
1385 1910 1557 1957 cum
1589 1884 1759 1959 dico
1809 1939 1834 1977 ‚
1890 1885 2040 1958 sine
2070 1909 2268 1984 pun-

123 2016 264 2077 cto
314 2000 538 2077 dico.
591 2004 841 2103 Neque
908 2007 1102 2079 euim
1135 2034 1250 2080 me
1296 2006 1554 2101 (lecet,
1613 2008 1737 2106 qui
1770 2009 1912 2080 sim
1952 2008 2098 2078 iam
2128 2004 2273 2077 ho-

119 2147 265 2195 mo
289 2119 552 2196 doctus
579 2178 604 2217 ‚
653 2124 851 2223 uolgi
883 2086 1118 2199 ueibis
1143 2125 1492 2199 falernum
1526 2127 1779 2199 uiuum
1815 2126 1940 2199 aut
1966 2123 2275 2199 calicem

119 2256 538 2317 acentetum
571 2224 1055 2344 appellare-i.
1099 2244 1292 2317 Nam
1324 2272 1460 2347 qua
1505 2260 1575 2318 te
1601 2244 1843 2319 dicam
1880 2245 2099 2343 gratia
2125 2240 2269 2316 Al-

113 2362 319 2435 sium
351 2362 802 2437 maritimum
830 2378 902 2436 et
933 2362 1426 2463 uoluptatium
1463 2362 1716 2439 locum
1764 2421 1788 2459 .‚
1842 2378 1916 2437 et
1966 2419 1991 2458 ‚
2046 2377 2131 2435 ut
2170 2361 2273 2435 ait

119 2478 432 2553 Plautus
465 2536 490 2575 .,
544 2481 802 2557 locum
855 2482 1218 2557 lubricum
1262 2475 1300 2533 ⁶
1333 2483 1668 2583 delegisse
1714 2540 1740 2578 .‚
1807 2485 1945 2559 nisi
1977 2497 2061 2557 ut
2096 2482 2276 2557 bene

119 2598 430 2675 haberes
483 2602 688 2698 genio
727 2659 752 2697 ‚
805 2600 1052 2703 utique
1105 2602 1332 2675 uerbo
1408 2617 1644 2677 uetere
1700 2603 1973 2678 faceres
2025 2603 2271 2681 animo

129 2716 371 2819 uolup
411 2732 446 2789 7
483 2712 526 2795 ⁰?
562 2721 717 2811 Qua
785 2734 819 2769 ²
883 2719 1159 2793 malum
1203 2719 1427 2822 uolup
1467 2714 1510 2795 P
1559 2724 1805 2797 Immo
1838 2780 1861 2819 .,
1920 2723 1980 2797 si
2034 2720 2267 2795 dimi-

121 2839 354 2914 diatis
409 2838 646 2915 uerbis
683 2834 718 2892 ⁸
774 2865 1025 2916 uerum
1090 2842 1484 2953 dicendum
1515 2859 1624 2919 est
1649 2901 1674 2940 ‚
1730 2845 1859 2919 uhi
1912 2858 1989 2918 tu
2032 2841 2273 2918 animo

238 3005 280 3037 a
314 2988 389 3040 Iu
433 2986 544 3039 eod.

223 3142 248 3183 t
299 3128 388 3187 Cl'.
410 3126 602 3185 2⁸1..ss
641 3131 808 3188 Caes.
843 3124 976 3191 1111.
1011 3136 1066 3193 6.
1104 3140 1163 3210 p.
1247 3122 1506 3192 nominat
1546 3121 1768 3193 Plinius
1802 3150 2037 3191 xxxvn.
2072 3146 2127 3205 9.
2163 3128 2280 3187 At-

133 3214 273 3277 104-
319 3230 375 3267 v·
421 3232 510 3271 to·
1250 3237 1362 3293 que
1408 3216 1554 3275 haec
1595 3226 1811 3291 puncta
1864 3216 2081 3271 Fronto
2132 3211 2281 3269 dicit

215 3312 250 3349 2
289 3290 526 3351 Plautus
544 3294 939 3354 Rud.11.1.10.
955 3296 1169 3355 Confer
1245 3300 1570 3359 delator-ias
1600 3311 1807 3367 notas,
1841 3315 2005 3352 usum
2035 3305 2279 3371 puncto-

119 3384 328 3431 nutem
353 3375 778 3435 Cassiodmium
796 3396 919 3434 uer.
938 3399 1051 3437 ιιι.
1075 3384 1128 3449 4.
1250 3401 1380 3441 rum
1412 3382 1474 3439 in
1507 3377 1742 3437 iudiciis
1762 3378 2105 3455 respiciens,
2140 3396 2282 3451 quo-

215 3458 254 3517 3
299 3458 524 3517 Ironice
545 3458 764 3518 scilicet
784 3500 804 3521 .
1252 3484 1380 3521 rum
1411 3462 1672 3523 meminit
1700 3461 1981 3521 Asconius
2011 3458 2089 3518 ad
2107 3460 2282 3518 Scau·

221 3544 258 3607 4
303 3541 613 3599 Faustiana
629 3543 762 3601 uina
782 3540 1036 3602 celebrat
1053 3543 1172 3603 Pli-
1254 3546 1474 3607 rianam
1495 3588 1508 3599 .

113 3614 266 3679 nius
279 3620 414 3680 hist.
447 3634 615 3682 xnu.
650 3628 707 3684 6.
1340 3630 1378 3687 6
1421 3628 1733 3691 Lubricum
1767 3628 1957 3685 Iocum
1990 3622 2061 3681 in
2098 3621 2280 3700 plau·—

215 3700 256 3761 5
297 3703 518 3764 Plinius
549 3728 797 3774 xxxvn,
835 3708 892 3765 6.
928 3707 1052 3764 ait:
1039 3714 1168 3767 ··ἰη
1247 3710 1385 3767 tinia
1429 3728 1574 3786 quae
1606 3722 1798 3765 extant
1829 3730 1947 3765 nnn
1981 3706 2276 3783 repet-iau,

81 3790 428 3869 sestantm·
491 3789 852 3865 (crystalli)
889 3794 1168 3866 plurimis
1248 3792 1352 3853 sed
1386 3794 1630 3851 liberum
1663 3795 1835 3850 Poen.
1872 3793 1919 3847 1.
1966 3812 2012 3847 1.
2052 3789 2279 3863 49.111.

117 3876 341 3929 uitiis·
376 3891 528 3951 quae
543 3882 685 3931 uero
702 3877 830 3931 sine
843 3879 990 3931 uitio
1008 3884 1168 3945 sunt,
1253 3876 1308 3933 3.
1338 3876 1424 3942 43
1463 3880 1648 3933 Iocum
1681 3876 1797 3933 siba·
1828 3876 1983 3932 uelle
2028 3875 2287 3933 liberum

107 3972 322 4034 puras
361 3972 491 4015 esse
515 3959 764 4026 malunt,
794 3967 1051 4015 acenteta
1069 3980 1174 4037 ap·-
1247 3959 1622 4037 praebet-ier·-
1655 3959 1725 4013 N.

103 4040 730 4117 pellanoes.c0n1ra
771 4036 971 4095 definit
1005 4037 1160 4099 idem
1324 4052 1356 4117 7
1399 4039 1638 4097 Plautus
1661 4034 1906 4095 Asinar.
1930 4039 2007 4096 V.
2029 4038 2086 4097 3.
2114 4056 2164 4093 r.

115 4140 270 4179 xvi.
335 4122 480 4211 39
453 4120 736 4179 daritim
775 4124 947 4179 clauo
998 4128 1162 4181 εἰηιί-
1324 4122 1358 4176 8
1405 4126 1716 4179 Decurtata
1762 4120 2057 4177 interdum
2100 4116 2277 4176 fuisse

111 4208 278 4263 lem.
321 4182 676 4284 Crystallina
719 4215 916 4265 centra
948 4202 1159 4263 iterum
1242 4200 2015 4281 uocabulaindicatQuintil.
2030 4202 2208 4261 inst-l·
2194 4222 2277 4281 002
