3384 5134
957 478 1002 528 ι,
1031 476 1056 525 1
1087 478 1126 525 ιι
1151 476 1194 525 ι
1221 476 1269 526 n
1343 449 1417 523 πὶ
2116 440 2263 547 159
2389 474 2398 481 ’
2481 478 2492 488 ·

93 573 366 647 sectam
403 585 478 647 et
519 568 782 647 horreo
835 570 1214 648 conditam
1251 626 1270 641 .
1307 564 1704 671 Sperabam
1736 578 1911 640 tunc
1948 622 1973 663 ‚
2022 566 2261 644 habeo

89 721 282 769 nunc
326 729 346 765 ε
403 721 566 797 spes
595 696 672 767 in
697 721 852 769 rem
884 694 1247 769 conuertit
1282 706 1315 742 ²
1345 748 1364 763 .
1409 689 1632 783 Quod
1669 702 1913 763 autem
1972 690 2175 765 mitti
2222 718 2267 771 a

87 842 207 891 me
263 816 402 891 tibi
455 815 838 917 postulasti
887 815 1208 916 acceptis
1245 863 1264 883 .
1291 866 1311 882 .
1339 868 1358 883 .
1387 866 1406 883 .
1447 822 1468 858 ¹
1657 894 1660 899 ¹

309 938 586 1011 Atticis
631 937 1044 1038 propinque
1083 935 1396 1009 thimum
1427 924 1464 981 b
1490 927 2013 1033 serpillumque
2040 932 2264 1035 hym-

97 1060 412 1132 metium
451 1058 980 1133 ruminantibus
1031 1056 1206 1129 uiris
1241 1111 1258 1127 .
1295 1111 1312 1126 .
1347 1110 1365 1126 .

301 1177 446 1253 Uel
493 1204 738 1277 graues
795 1204 887 1254 ex
959 1171 1409 1253 orationibus
1483 1187 1814 1249 ueterum
1881 1174 2262 1249 sententias

89 1299 502 1399 arriperetis
549 1356 574 1397 ‚
627 1298 746 1373 uel
791 1298 1042 1373 dulces
1073 1324 1165 1372 ex
1198 1298 1565 1399 poematis
1615 1350 1638 1392 ,
1695 1295 1813 1369 uel
1842 1320 1935 1370 ex
1958 1282 2259 1371 historia

89 1420 507 1521 splendidas
555 1476 578 1519 ‚
609 1420 724 1495 uel
749 1446 1002 1505 comes
1039 1446 1131 1495 ex
1167 1445 1258 1494 co
1277 1420 1514 1493 medis
1547 1430 1580 1467 ⁰
1610 1474 1636 1515 ‚
1691 1417 1809 1491 uel
1842 1418 2147 1491 urbanas
2172 1440 2269 1491 ex

89 1540 354 1638 togatis
395 1595 420 1635 ‚
473 1539 590 1614 uel
627 1566 720 1616 ex
754 1541 1077 1615 atellanis
1109 1539 1384 1643 lepidas
1427 1555 1502 1613 et
1542 1538 1813 1613 facetas
1846 1592 1869 1609 .
1898 1593 1919 1609 .
1948 1590 1971 1609 .

501 1803 630 1854 ιιι.
673 1777 707 1881 (
741 1804 1130 1856 mms‘rao
1189 1804 1348 1855 mzo
1417 1802 1763 1854 sucum
1792 1774 1867 1879 .)

307 2076 331 2092 .
359 2074 380 2092 .
411 2036 696 2096 ,ratum
740 2038 954 2125 atque
1003 2020 1426 2123 expeditum
1472 2021 1566 2093 sit
1599 2074 1623 2114 ‚
1695 2017 1803 2091 mi
1856 2019 2197 2117 magister
2228 2074 2255 2115 .,
2362 1992 2743 2121 &1133le-

91 2166 316 2241 quam
353 2154 472 2215 tua
507 2142 824 2219 clemens
856 2146 931 2216 in
1005 2142 1266 2217 officiis
1311 2142 1697 2216 aduersum
1742 2156 1813 2215 te
1842 2143 2111 2216 nostris
2148 2142 2261 2213 in·
2363 2140 2603 2191 'nemo
2622 2170 2639 2186 ·

89 2259 518 2357 terpretatio
551 2253 588 2309 ἆ
611 2316 630 2331 .
667 2262 926 2337 Scribo
956 2261 1178 2360 igitur
1196 2260 1518 2335 Domino
1545 2286 1715 2335 meo
1741 2260 2118 2362 pollicenti
2140 2262 2275 2335 tibi

87 2376 362 2452 multas
393 2406 556 2453 suas
583 2380 860 2457 litteras
898 2440 923 2481 ‚
971 2383 1418 2485 comperisse
1453 2379 1522 2455 te
1555 2408 1646 2455 ex
1683 2408 1804 2455 me
1830 2408 2013 2483 quae
2050 2410 2269 2457 man-

95 2500 306 2573 dauit
325 2511 360 2549 2
389 2556 410 2573 .
437 2504 628 2577 Tum
661 2518 894 2577 cetera
929 2502 1366 2579 adfectionis
1389 2518 1464 2577 et
1489 2484 1864 2584 comitatis
1919 2504 2080 2584 'tuae
2101 2504 2275 2583 sub—

81 2634 300 2694 necte
342 2676 368 2716 ,
423 2623 530 2695 mi
557 2624 894 2747 magister
927 2658 948 2695 ε
984 2650 1154 2697 narn
1187 2624 1265 2695 in
1295 2621 1558 2697 litteris
1595 2623 1733 2698 tuis
1762 2679 1788 2719 ,
1842 2637 1927 2699 ut
1954 2649 2269 2733 aequom

83 2758 198 2817 est
227 2800 250 2839 .,
297 2743 700 2845 adquiescit
733 2798 756 2816 .
811 2748 969 2845 Ego
1009 2744 1234 2820 hiduo
1265 2745 1408 2822 isto
1439 2802 1463 2839 .‚
1521 2746 1662 2820 nisi
1698 2746 1899 2848 quod
1924 2743 2268 2820 nocturni

89 2868 343 2939 somni
389 2868 550 2966 cepi
606 2922 630 2963 .,
689 2864 868 2939 nihil
915 2864 1274 2941 interualli
1333 2866 1554 2941 habui
1595 2902 1614 2940 ε
1669 2892 1893 2969 quam
1962 2866 2059 2942 ob
2110 2892 2269 2941 rem

83 2984 428 3059 nondum
471 2986 702 3085 legere
751 2986 1144 3088 epistulam
1181 2982 1658 3086 prolixiorem
1706 2986 2029 3061 Domino
2096 3010 2267 3059 meo

83 3134 128 3179 a
169 3120 238 3180 te
275 3110 625 3211 scriptam
657 3100 693 3159 3
737 3108 1006 3221 potuilz
1045 3107 1176 3183 sed
1214 3108 1603 3183 crastinam
1638 3107 2269 3211 opportunitatem

171 3328 209 3361 a
245 3311 321 3362 In
366 3331 510 3365 centn
546 3326 724 3365 neutro
773 3312 921 3365 etiam
970 3304 1022 3364 in
1057 3314 1328 3383 penultima
1392 3315 1582 3367 alniensi
1601 3352 1616 3367 .
1685 3310 1720 3365 b
1770 3314 1843 3365 In
1881 3308 2087 3363 schedae
2124 3328 2214 3379 per
2242 3314 2269 3362 ἰ

93 3398 202 3433 nou
237 3400 382 3453 pery
402 3422 418 3445 ,
451 3400 504 3436 ut
531 3388 680 3438 edm
723 3403 822 3455 neq.
890 3402 920 3436 c
952 3384 1030 3435 In
1066 3386 1180 3440 cod.
1216 3390 1318 3437 uine
1347 3386 1544 3455 diphth.
1612 3384 1651 3435 d
1685 3384 1807 3436 Cod.
1843 3384 2215 3454 werpraemdo
2247 3419 2270 3437 0

175 3577 198 3613 ι
253 3558 416 3627 Quae
445 3570 768 3634 sequuntur
797 3598 818 3628 ,
872 3556 996 3615 sola
1033 3578 1134 3615 re-
1217 3558 1578 3617 orationibus
1612 3600 1628 3627 ,
1687 3556 1785 3617 uel
1830 3558 1904 3617 de
1956 3553 2268 3617 scribenda

73 3642 246 3717 liqna
267 3638 482 3697 suntin
517 3642 731 3719 pagina
763 3641 992 3719 postica
1021 3640 1136 3699 ob·-
1217 3642 1474 3721 parthici
1529 3641 1674 3701 belli
1716 3640 1965 3699 historia
2000 3684 2015 3699 .
2306 3654 2313 3661 '

73 3726 378 3783 litterata:
435 3743 620 3801 neque
692 3723 828 3783 satis
909 3734 1134 3783 constat
1301 3726 1336 3785 3
1381 3730 1525 3785 Puta
1549 3724 1711 3783 illam
1730 3724 2017 3805 prolixam
2050 3720 2274 3801 epistu-

77 3822 284 3864 utrum
305 3820 499 3881 partes
515 3804 984 3883 huiusepistulae
1001 3808 1134 3876 sint,
1218 3806 1336 3865 lam
1391 3808 1468 3865 ad
1504 3811 1725 3869 verum
1764 3810 1838 3867 de
1888 3804 2217 3887 eloquentia
2246 3845 2270 3875 ‚

73 3908 436 3967 quamquam
471 3890 564 3947 uix
601 3904 686 3948 est
723 3887 1134 3949 dubitandum.
1223 3890 1384 3949 cuius
1431 3892 1727 3969 exemplar
1772 3890 2010 3949 uidetur
2052 3886 2273 3947 misisse

75 3974 345 4031 Videtur
375 3972 530 4030 enim
561 3972 674 4031 hac
719 3972 970 4049 epistula
1003 3995 1142 4051 pro·
1222 3976 1442 4031 Fronto
1485 3975 1801 4051 legendum
1838 3975 2012 4034 etiam
2048 3975 2269 4031 Marco.

75 4056 200 4114 lite
233 4058 454 4114 Fronto
487 4056 562 4113 de
596 4056 934 4135 eloquentia
977 4057 1154 4115 loeu-
1237 4056 1374 4114 Eius
1418 4072 1608 4115 autem
1670 4057 1955 4135 epistulae
2016 4076 2153 4135 pars
2189 4064 2277 4111 est

79 4154 214 4197 tus.
1237 4138 1298 4196 in
1349 4140 1552 4203 codice
1583 4140 1858 4215 medioL,
1890 4160 2028 4225 pm
2061 4138 2125 4199 in
2172 4156 2278 4198 ro-

165 4241 202 4281 2
247 4224 398 4283 Puta
433 4220 508 4281 de
559 4220 866 4283 mittendis
903 4220 982 4281 ad
1015 4242 1146 4283 eum
1229 4242 1400 4282 mano
1433 4264 1452 4281 .
