3384 5134
1100 460 1295 511 120.
1556 425 1563 432 ⁸
1711 455 2609 511 An·m·cansannn

1081 554 1418 632 liebrium
1446 556 1766 659 partium
1817 554 1917 627 ila
1946 563 2285 654 correpta
2325 566 2436 625 est
2463 560 2757 653 repente
2781 604 2806 645 ,
2861 562 2944 624 ut
2976 550 3230 625 faciem

1080 678 1518 753 horrendam
1556 674 1869 750 uiderim
1904 708 1925 747 ε
1968 678 2199 747 mater
2223 690 2468 748 autem
2512 700 2676 746 mea
2699 672 2774 743 in
2805 698 2888 745 ea
2923 673 3230 773 trepida·-

1082 797 1279 869 tione
1329 796 1720 898 inprudens
1773 791 2032 892 angulo
2099 792 2394 897 parietis
2430 796 2718 864 costam
2769 791 3039 865 inflixit
3072 823 3094 862 ε
3143 816 3227 864 eo

1076 918 1233 993 ictu
1259 920 1569 1019 grauiter
1597 932 1669 992 et
1709 943 1783 991 se
1811 930 1886 989 et
1931 941 2062 990 nos
2103 915 2371 991 adfecit
2403 969 2422 985 .
2479 916 2646 1015 Ipse
2693 940 2868 987 cum
2905 914 3226 990 cubitum

1070 1038 1266 1115 ‘irem
1300 1098 1324 1135 ‚
1362 1042 1829 1143 scorpionem
1865 1040 1938 1113 in
1979 1039 2172 1113 lecto
2213 1036 2482 1114 offendi
2517 1071 2538 1109 ε
2596 1040 2957 1141 occupaui
2995 1054 3226 1113 tamen

1082 1188 1253 1237 eum
1294 1164 1627 1239 occidere
1663 1162 1861 1264 prius
1885 1189 2109 1263 quam
2145 1187 2364 1263 supra
2417 1160 2934 1235 accumberem
2966 1216 2987 1232 .
3021 1162 3138 1235 Tu
3169 1162 3223 1233 si

1084 1286 1351 1359 rectius
1404 1285 1595 1359 uales
1624 1340 1649 1377 ‚
1701 1300 1810 1360 est
1845 1284 2204 1360 solacium
2242 1340 2260 1355 .
2316 1284 2544 1358 Mater
2587 1283 2741 1357 iam
2799 1280 3032 1356 leuior
3075 1295 3224 1374 est,

1088 1404 1238 1479 deis
1288 1404 1702 1481 uolentibus
1735 1462 1753 1478 .
1809 1405 2000 1481 Uale
2049 1407 2158 1479 mi
2215 1405 2496 1507 optime
2527 1402 2966 1479 dulcissime
3001 1401 3222 1499 magi-

1080 1542 1230 1603 ster
1254 1586 1275 1602 .
1320 1529 1638 1605 Domina
1660 1556 1826 1603 mea
1855 1544 1928 1603 te
1965 1527 2230 1603 salutat
2265 1582 2286 1599 .

1624 1794 1854 1845 vnn.
1918 1768 2044 1862 24.
2099 1790 2397 1843 »omno
2459 1792 2617 1844 uso
2662 1821 2685 1838 .

1230 2094 1247 2103 ,
1282 2010 1509 2101 Quom
1540 2022 1618 2084 te
1668 2007 1952 2083 saluom
1989 2019 2063 2081 et
2111 2004 2461 2082 inlaesum
2499 2006 2636 2083 dei¹
2672 2002 3220 2106 praestiterunt,

1073 2133 1434 2207 maximas
1462 2132 1613 2207 deis
1636 2132 1896 2232 gratias
1931 2156 2063 2229 ago
2093 2187 2112 2203 .
2145 2132 2248 2205 Te
2286 2144 2570 2205 certum
2605 2126 2880 2224 habeo,
2917 2152 3089 2200 cum
3115 2140 3228 2201 tua

1070 2248 1395 2323 instituta
1422 2262 1438 2297 ¹
1472 2265 1730 2351 reputo
1761 2306 1782 2340 ‚
1824 2249 2017 2323 haud
2050 2234 2553 2351 lierturbatum
2587 2280 2609 2319 ε
2661 2267 2792 2343 ego
2827 2301 2851 2339 .,
2885 2270 3112 2345 quam
3143 2242 3230 2317 li-

1070 2368 1198 2443 bet
1224 2398 1355 2445 uos
1388 2374 1738 2471 sapientes
1779 2396 1898 2443 me
1933 2369 2300 2441 inrideatis
2325 2423 2349 2463 .,
2377 2376 2870 2442 consternatus
2891 2364 3230 2464 equidem

1074 2516 1239 2571 sum
1277 2548 1295 2563 .
1352 2494 1539 2565 Uale
1596 2491 1912 2565 Domine
1951 2489 2371 2565 dulcissime
2396 2546 2420 2587 ‚
2455 2504 2530 2564 et
2583 2486 2736 2562 deis
2769 2512 2986 2563 curae
3015 2500 3176 2562 esto
3207 2542 3228 2559 .

1068 2610 1461 2687 Dominam
1506 2603 1739 2688 saluta
1767 2666 1786 2683 .

1688 2879 1769 2927 x.
1824 2848 1950 2927 25.
2008 2876 2304 2926 noum-zo
2361 2875 2516 2925 meo
2565 2904 2588 2923 .

1274 3106 1479 3155 mono
1534 3079 1717 3155 mihi
1777 3080 2201 3155 Uictorinus
2245 3078 2523 3153 indicat
2577 3076 2982 3152 Dominam
3021 3092 3228 3153 tuam

1062 3198 1289 3296 magis
1343 3200 1649 3275 ualuisse
1707 3213 1740 3251 ⁸
1791 3228 2010 3302 quam
2061 3200 2212 3274 heri
2243 3256 2263 3271 .
2323 3200 2573 3275 Gratia
2633 3197 2908 3271 leuiora
2972 3201 3231 3273 omnia

1062 3306 1435 3393 nuntiabat
1460 3377 1477 3392 .
1511 3324 1669 3419 Ego
1711 3336 1782 3394 te
1809 3322 2088 3395 idcirco
2119 3348 2267 3394 non
2290 3320 2442 3394 uidi
2467 3376 2490 3413 .,
2545 3318 2746 3421 quod
2780 3346 2871 3393 ex
2899 3318 3228 3418 grauidi-

1054 3460 1149 3508 ne
1188 3429 1225 3485 b
1259 3464 1419 3511 sum
1453 3438 1837 3515 inbecillus
1867 3498 1888 3513 .
1941 3441 2116 3514 Cras
2147 3453 2390 3515 tamen
2425 3465 2636 3514 mane
2681 3439 2996 3514 domum
3023 3440 3126 3513 ad
3161 3453 3230 3515 te

1054 3555 1340 3629 ueniam
1377 3616 1395 3631 .
1452 3562 1830 3653 Eadem²‚
1883 3562 1950 3639 si
1993 3561 2512 3665 tempestiuom
2561 3561 2748 3659 erit,
2803 3560 3031 3639 etiam
3063 3560 3226 3637 Do-

1056 3673 1336 3749 minam
1370 3678 1683 3755 uisitabo
1719 3738 1739 3753 .

1158 3838 1196 3871 a
1230 3822 1353 3875 eod.
1376 3822 1609 3879 maluisse
1631 3860 1646 3875 .
1720 3824 1751 3877 b
1787 3828 1861 3880 Ita
1898 3826 2010 3878 cod.

1049 3974 1225 4033 nebat
1271 3978 1468 4036 adhuc
1498 4022 1517 4049 ‚
1566 3984 1764 4041 Marco
1811 3984 1926 4040 iam
1958 3982 2088 4039 Au-
2165 3982 2570 4063 Capitolinus.

1044 4072 1251 4131 gusto.
1296 4062 1546 4139 Capitol.
1599 4064 1660 4123 in
1713 4068 1787 4123 M.
1835 4084 2000 4141 capp.
2040 4087 2084 4121 ι.
2261 4090 2282 4126 1
2325 4066 2516 4125 stoica
2551 4111 2567 4127 .

1043 4158 1170 4197 1111.
1196 4164 1489 4203 vri-vnn.
1511 4146 1889 4206 Huiusfilium
1905 4152 2089 4205 Mum-
2249 4170 2285 4212 2
2322 4150 2432 4209 Die
2460 4150 2723 4212 scilicet.

1032 4225 1220 4290 'mium
1234 4231 1601 4308 Quadratum
1619 4244 1904 4291 memorat
1924 4230 2084 4293 idem
