3384 5134
1078 500 1221 585 136
1382 569 1387 575 .
1672 522 1786 572 An
1865 520 1980 569 ‚m
2066 512 2606 569 cansxnnu

1062 644 1275 703 mum
1304 622 1585 699 eueniat
1618 674 1641 715 .,
1674 634 1752 693 et
1801 617 2016 692 dolor
2053 615 2344 717 plantae
2378 608 2701 716 quiescat
2735 662 2759 705 ,
2793 608 2873 683 di
2907 609 3152 683 iuueni:
3185 620 3212 677 .’

1072 742 1257 819 Uale
1298 742 1405 815 mi
1440 742 1718 843 optime
1755 740 2093 835 magister
2121 790 2142 807 .

1630 973 1637 981 ’
1703 1003 1776 1053 ι.
1841 972 1970 1051 65.
2026 976 2326 1050 nomuo‘
2374 998 2611 1053 nno„

1276 1228 1450 1301 Eoo
1490 1220 1904 1323 grauissime
1937 1232 2264 1317 arreptus
2315 1236 2480 1290 sum
2514 1216 2781 1288 iterum
2837 1208 2930 1283 ab
2987 1206 3210 1281 altero

1072 1344 1353 1447 inguine
1384 1400 1407 1420 .

1707 1488 1818 1537 ιι.
1871 1461 2001 1535 66.
2055 1482 2526 1537 nuscum-rum
2563 1510 2582 1527 .

1284 1708 1513 1801 Quom
1532 1721 1566 1757 ⁸
1591 1707 1768 1781 haec
1795 1704 2070 1780 scribas
2101 1704 2312 1799 mihi,
2349 1704 2683 1802 magister
2709 1756 2731 1795 ‚
2767 1699 2990 1773 credo
3010 1697 3220 1771 intel-

956 1778 1239 1929 Nlegis
1294 1826 1902 1905 sollicitissimum
1944 1848 2062 1897 me
2093 1838 2266 1897 uota
2312 1822 2542 1895 facere
2581 1846 2718 1921 pro
2757 1816 2987 1892 salute
3037 1832 3152 1889 tua
3191 1852 3212 1885 t

1072 1952 1274 2023 euius
1313 2001 1340 2043 ‚
1394 1948 1506 2023 dis
1538 1946 1947 2021 iuuantibus
1971 2002 1994 2038 ,
2057 1946 2209 2020 cito
2237 1956 2626 2046 compotes
2651 1940 2919 2015 erimus
2953 1994 2972 2011 .
3029 1938 3218 2014 Uale

1068 2072 1176 2145 'mi
1226 2072 1562 2170 magister
1590 2068 2102 2145 iucundissime
2135 2123 2156 2140 .

1660 2334 1809 2385 ιιι.
1875 2314 2002 2411 67.
2057 2335 2349 2387 nommo
2403 2336 2556 2387 lui-:o
2602 2328 2670 2382 .·

1269 2554 1538 2631 Decem
1594 2564 1790 2627 tanta
1823 2567 1896 2627 te
1929 2578 2095 2628 amo
2116 2610 2135 2625 .
2174 2554 2440 2629 Filiam
2465 2570 2664 2627 tuam
2701 2553 2852 2627 uidi
2879 2609 2896 2624 .
2931 2552 3218 2629 Uideor

1072 2676 1257 2750 mihi
1290 2688 1357 2749 te
1392 2674 1611 2748 simul
1646 2690 1720 2747 et
1755 2676 2174 2749 Faustinam
2223 2675 2528 2749 infantes
2560 2675 2820 2750 uidisse
2854 2709 2874 2747 ε
2929 2688 3216 2748 tantum

1068 2794 1247 2867 boni
1272 2807 1359 2867 e'x
1383 2796 1752 2894 utriusque
1787 2794 1992 2867 uoltu
2023 2808 2133 2867 est
2174 2794 2664 2889 commixtum
2697 2798 2715 2867 !
2754 2796 3025 2869 Decem
3059 2808 3217 2866 tan-

1075 2930 1148 2988 ta
1178 2928 1247 2987 te
1283 2940 1452 2991 amo
1488 2972 1507 2988 .
1563 2914 1746 2991 Uale
1794 2915 2108 2989 Domine
2151 2910 2570 2990 dulcissime
2595 2971 2613 2986 .
2665 2914 3064 2989 Dominam
3105 2940 3219 2987 sa-

1071 3030 1219 3107 luta
1248 3090 1268 3107 .

1589 3178 1774 3230 2111.
1841 3156 1969 3232 68.
2039 3177 2425 3230 Masis-rao
2481 3175 2633 3227 rano
2676 3207 2696 3223 .

1280 3395 1398 3468 Ea·
1450 3422 1587 3471 nos
1634 3396 1960 3470 Gratiam
1999 3396 2060 3487 1,
2117 3392 2318 3494 quod
2349 3392 2448 3465 tui
2475 3390 2730 3466 similis
2751 3408 2862 3467 est
2901 3450 2924 3490 .,
2982 3372 3216 3495 magis

602 3528 645 3575 k
708 3532 971 3646 QJU·
1075 3536 1440 3587 amamus.
1466 3514 1710 3587 Facile
1731 3538 1902 3610 ergo
1939 3509 2416 3609 intellegimus
2436 3504 2760 3611 *quanta
2799 3510 2992 3613 apud
3023 3526 3094 3587 te
3121 3516 3216 3587 sit

1072 3630 1337 3705 filiolae
1372 3646 1655 3706 nostrae
1703 3631 2158 3706 conciliatrix
2205 3629 2603 3706 similitudo
2651 3631 3022 3731 utriusque
3079 3660 3217 3706 no·-

1069 3754 1201 3827 stri
1228 3786 1247 3824 2
1279 3767 1352 3826 et
1376 3754 1677 3827 omnino
1712 3752 1912 3855 quod
1932 3777 2092 3826 eam
2131 3752 2380 3825 uidisti
2417 3766 2526 3825 est
2549 3736 2947 3826 iucundum
2975 3754 3160 3827 mihi
3192 3810 3210 3825 .

1069 3875 1253 3950 Uale
1286 3874 1393 3946 mi
1421 3876 1700 3974 optime
1733 3874 2073 3973 magister
2104 3931 2123 3947 .

3357 4002 3359 4091 1

1134 4080 1172 4111 a
1205 4064 1265 4113 In
1300 4062 1459 4115 indice
1490 4080 1605 4115 cum
1626 4101 1641 4116 .
1664 4062 1774 4113 Iam
1791 4062 2102 4132 promiscuus
2141 4082 2256 4117 nnus
2291 4078 2323 4133 q
2361 4079 2411 4118 et
2445 4080 2476 4116 c
2503 4066 2636 4137 uiget
2675 4062 2840 4117 adhuc
2875 4064 2930 4115 in
2953 4060 3210 4134 hispanica

1067 4126 1233 4205 fingas
1251 4172 1268 4187 .

1172 4312 1199 4349 ι
1238 4288 1449 4355 Filiam
1478 4290 1702 4357 scilicet
1735 4294 2042 4361 Frontonis
2061 4334 2079 4355 .

1368 4602 1411 4625 ,s
