3384 5134
988 472 1033 522 1.
1064 474 1089 521 ι
1122 475 1157 521 ιι
1190 476 1231 521 n
1265 474 1309 561 n
1392 472 1437 523 v
1636 498 1645 507 ·
1921 502 1926 507 ·
2145 480 2290 553 129

132 570 535 645 Dominam
588 568 819 645 saluta
859 624 883 664 .,
934 570 1253 643 Domine
1301 568 1718 647 dulcissime
1760 630 1780 647 .
1837 568 2024 649 Uale
2075 588 2148 647 et
2189 578 2298 653 ‘ser

132 689 477 767 osculum
532 709 903 769 matronae
942 710 1104 769 tuae
1130 750 1151 765 .

662 962 1001 1011 xxxnu.
1045 934 1173 1032 49.
1226 961 1520 1010 nomino
1569 964 1765 1015 runo..

348 1180 669 1255 Sumus
718 1180 1201 1281 Pompeianus
1259 1178 1339 1251 in
1394 1178 1734 1280 plurimis
1777 1180 2010 1255 causis
2069 1206 2108 1253 a
2167 1202 2290 1255 mo

127 1300 501 1395 defensuS,
549 1313 937 1401 postquam
978 1299 1355 1400 publicum
1388 1301 1679 1374 Africae
1717 1300 2024 1374 redemit
2048 1353 2074 1393 ‚
2123 1297 2289 1401 plu-

124 1419 343 1491 rimis
380 1418 613 1491 causis
646 1444 799 1491 rem
833 1417 1265 1493 familiarem
1296 1432 1619 1495 nostram
1656 1420 1956 1494 adiuuat
1983 1476 2004 1492 .
2061 1420 2290 1495 Com·-

120 1540 404 1616 mendo
440 1568 609 1615 eum
650 1540 821 1631 tibi,
860 1566 1031 1615 cum
1062 1543 1245 1615 ratio
1282 1541 1433 1615 eius
1460 1568 1499 1614 a
1527 1542 1847 1617 Domino
1873 1556 2126 1616 nostro
2158 1567 2288 1640 pa·-

123 1674 235 1735 tre
263 1674 423 1734 -tuo
472 1661 893 1733 menuitur
932 1675 963 1711 ³
994 1716 1019 1755 ,
1074 1660 1585 1759 benignitatem
1648 1661 2036 1757 ingenitam
2087 1658 2280 1754 tibi,

124 1806 353 1881 quam
410 1780 747 1854 omnibus
794 1805 881 1853 ex
920 1804 1126 1853 more
1166 1793 1290 1853 tuo
1332 1780 1589 1855 tribuis
1614 1835 1639 1874 ,
1676 1794 1758 1853 ut
1799 1780 1971 1852 huic
2001 1792 2076 1853 et
2119 1806 2282 1853 mea

127 1898 769 1973 commendatione
834 1896 909 1971 et
969 1913 1091 1971 tua
1150 1898 1667 1973 consuetudine
1725 1898 1984 1979 ductus
2029 1900 2280 2000 inper-n

130 2023 271 2095 tias
304 2078 325 2093 .
391 2018 577 2095 Uale
612 2020 929 2095 Domine
965 2017 1381 2092 dulcissime
1416 2073 1439 2089 .

706 2286 951 2338 xxxv,
1022 2256 1147 2335 50.
1204 2276 1675 2337 uscue-rura
1692 2316 1719 2336 .

344 2502 847 2577 Pommuus
884 2496 1161 2573 meritis
1199 2499 1433 2575 isdem
1459 2555 1483 2595 .,
1526 2498 1790 2599 quibus
1825 2513 1896 2573 te
1935 2496 2074 2574 sibi
2109 2520 2289 2571 con-2

122 2624 407 2701 ciliauit
430 2680 455 2717 ,
510 2649 629 2697 me
666 2646 953 2725 quoque
982 2624 1443 2721 promeruit.
1494 2622 1736 2713 Quare
1779 2621 1999 2723 cupio
2037 2620 2290 2695 omnia.

120 2749 193 2821 ei
244 2772 337 2819 ex
393 2743 831 2842 indulgentia
886 2742 1187 2814 Domini
1244 2741 1391 2815 mei
1434 2743 1663 2843 patris
1701 2738 2190 2817 obsecundare
2209 2748 2230 2784 ¹
2261 2789 2284 2808 .

120 2866 325 2939 Nam
376 2892 459 2939 m
524 2890 707 2968 quae
747 2862 879 2937 tibi
934 2888 1025 2935 ex
1074 2862 1439 2949 sententia,
1480 2861 1894 2961 procedunt
1941 2917 1965 2956 ‚
2023 2856 2286 2958 gaudia

116 2999 298 3061 sunt
344 3012 503 3060 meo
554 3041 575 3057 .
630 2985 813 3059 Uale
880 2983 985 3056 mi
1047 2982 1383 3080 magister
1442 2980 1958 3055 iucundissime
2004 3034 2025 3051 .
2087 2980 2284 3053 Fau-

120 3106 319 3181 stina
378 3118 453 3178 et
493 3100 836 3205 paruolae
892 3115 1177 3176 nostrae
1230 3113 1301 3174 tae
1350 3096 1656 3177 salutant
1688 3156 1712 3182 ,

632 3372 914 3423 xxxvx.
974 3342 1099 3421 51.
1154 3368 1545 3419 nmis'rno
1592 3366 1804 3419 uzo.

340 3584 421 3657 St
464 3599 535 3659 te
565 3584 640 3658 in
673 3581 1053 3688 prouincia
1085 3635 1109 3675 .,
1166 3581 1271 3654 mi
1308 3579 1647 3675 magister
1676 3634 1704 3673 .,
1769 3574 2027 3653 adierit
2085 3573 2282 3651 The-

118 3701 509 3782 mistocles
555 3702 855 3807 quidam
894 3757 917 3800 .,
973 3681 1218 3803 ‘qui'se
1253 3694 1653 3800 Apollonio
1687 3695 2032 3795 magistro
2059 3703 2092 3743 ²
2117 3714 2286 3767 meo

235 3880 275 3913 a
308 3860 387 3913 In
422 3862 535 3915 eod.

217 4014 240 4051 ι
312 3994 609 4063 Quantum
675 3990 939 4051 ualerent
1006 3990 1167 4069 apud
1246 3988 1461 4047 stoicus
1480 3988 1865 4066 philosophus
1883 3988 2082 4045 Marco
2116 3979 2286 4036 datus

114 4076 297 4135 Pium
318 4074 499 4133 Marci
519 4076 1045 4135 commendationes
1064 4074 1169 4133 do·-
1248 4072 1527 4148 magister
1544 4093 1576 4129 a
1592 4073 1698 4131 Pio
1715 4076 1980 4149 Augusto
1992 4110 2005 4124 .
2025 4059 2281 4140 Capitol·

118 4172 219 4217 cet
250 4158 507 4235 Capitol.
534 4157 595 4214 in
628 4150 834 4217 mvl.
1247 4153 1309 4211 in
1359 4154 1463 4213 Pio
1518 4175 1645 4235 cap,
1703 4176 1742 4214 x
1772 4196 1794 4227 ,
1870 4163 1930 4212 et
1977 4148 2042 4209 in
2088 4148 2288 4213 Marco

207 4262 243 4301 2
314 4238 669 4317 Apollonius
750 4237 1161 4301 chalcedonius
1204 4236 1211 4241 ’
1254 4256 1381 4317 cap.
1430 4238 1509 4303 11.

218 4340 405 4421 Vol.
440 4342 515 4417 I.
1669 4360 1724 4435 9
