3384 5134
1009 458 1052 505 ι,
1089 460 1112 506 1
1146 460 1181 505 n
1210 460 1250 505 z
1285 460 1330 507 n
1421 458 1446 505 1
1758 430 1772 443 ⁸
2165 429 2307 529 147

129 571 462 633 uteretur
501 613 524 653 ‚
587 580 766 657 quae
797 552 1058 629 Graeci
1095 553 1464 627 schemata
1513 564 1783 629 uocant
1812 542 1855 623 ’.Ρ
1893 549 2000 623 Ne
2032 548 2317 650 lougius

131 695 472 781 repetam
507 732 532 771 ‚
600 674 716 749 uel
767 674 1118 776 proximo
1175 688 1480 780 senatur,
1549 668 1723 787 cum
1778 672 2331 771 Cyzicenorum,

131 828 440 899 grauem
474 824 766 901 cansam
796 810 812 843 ¹
857 820 1499 890 commemorares,
1529 796 1627 867 ita
1671 795 2073 897 orationem
2114 808 2318 869 tuam

129 924 512 1021 figurasti,
549 945 772 1021 quam
813 918 1117 1015 figuram
1153 914 1422 991 Graeci
1451 918 1845 1013 παράλειψιν
1884 911 2258 1013 appellant
2288 967 2317 1006 .‚

132 1055 222 1114 ut
249 1036 776 1142 praetereundo
810 1051 1050 1109 tamen
1095 1032 1369 1106 diceres
1395 1046 1468 1106 et
1495 1030 1807 1105 dicendo
1841 1046 2083 1105 tamen
2101 1058 2319 1133 prae·-

135 1154 462 1235 terires*
508 1216 528 1232 .
583 1162 670 1232 In
709 1180 858 1259 quo
897 1153 1130 1229 multa
1173 1152 1393 1228 simul
1460 1153 1820 1227 laudanda
1864 1167 2033 1227 sunt
2078 1188 2099 1224 ε
2169 1154 2321 1255 pri-

133 1308 360 1357 mum
415 1280 558 1353 hoc
591 1292 660 1351 te
691 1276 1128 1351 doctissime
1180 1275 1626 1376 perspexisse
1657 1273 2031 1349 sociorum
2074 1299 2321 1371 graues

133 1428 528 1479 aerumnas
571 1426 718 1473 non
763 1414 1108 1503 perpetua
1157 1423 1384 1497 neque
1419 1412 1612 1469 recta
1655 1395 2089 1496 autprolixa
2144 1422 2317 1469 ora-

139 1527 350 1598 tione
377 1520 902 1621 exaggerandas
928 1576 950 1612 .,
981 1518 1404 1593 indicandas
1431 1533 1671 1591 tamen
1704 1543 1861 1600 esse
1888 1516 2256 1617 inpensius
2288 1571 2318 1611 ‚

141 1663 230 1721 ut
273 1646 474 1743 digni
507 1660 789 1719 senatus
849 1640 1354 1716 misericordia
1414 1652 1489 1712 et
1535 1636 1807 1713 auxilio
1849 1638 2258 1711 uiderentur
2300 1690 2320 1707 .

139 1767 428 1843 Deinde
467 1766 570 1839 ita
609 1764 926 1839 breuiter
957 1788 1110 1836 rem
1153 1784 1450 1833 omnem
1491 1772 1705 1857 atque
1749 1760 1849 1831 ita
1890 1759 2125 1831 ualide
2158 1755 2323 1829 elo-

147 1906 372 1965 cutus
401 1914 476 1961 es
501 1944 524 1981 .,
545 1899 627 1959 ut
647 1882 1106 1986 paucissimis
1131 1882 1370 1955 uerbis
1403 1879 1651 1952 omnia
1677 1935 1698 1973 ‚
1734 1904 2049 1979 quaeres
2070 1901 2328 1977 posce*

149 2024 308 2105 ret,
352 2010 894 2082 continerentur
917 2040 938 2077 ε
977 2021 1058 2079 ιιι
1094 2030 1244 2080 non
1269 2003 1474 2077 ocius
1509 2016 1632 2074 aut
1651 2000 2144 2075 uehementius
2184 2012 2326 2071 ter-

145 2162 232 2209 ra
288 2131 548 2205 urbem
601 2129 808 2203 illam
831 2140 864 2180 2
919 2155 1139 2229 quam
1188 2126 1472 2201 animos
1513 2124 1963 2205 audientium
2000 2137 2118 2196 tua
2161 2147 2331 2196 ora-

151 2260 268 2331 tio
298 2255 617 2328 mouerit
641 2310 660 2324 .
704 2251 998 2353 Ecquid
1039 2248 1422 2347 adgnoscis
1453 2246 1769 2320 formam
1804 2244 2063 2317 sentire
2094 2240 2337 2317 tullia-

149 2402 294 2451 nae
315 2391 348 2427 θ
366 2369 407 2449 ¹?
429 2390 512 2449 ut
535 2402 682 2450 non
717 2375 920 2447 ocius
942 2386 1066 2447 aut
1091 2368 1582 2444 uehementius
1609 2381 1795 2441 terra
1828 2363 2081 2439 urbem
2108 2364 2340 2459 illam,

155 2522 390 2601 quam
405 2498 690 2571 animos
715 2496 1162 2571 audientium
1185 2506 1308 2565 tua
1333 2489 1564 2565 oratio
1593 2476 1987 2569 mouerit5.
2012 2486 2119 2559 Ut
2143 2486 2339 2585 quis-

350 2738 383 2771 ’
431 2738 533 2803 M
581 2732 976 2803 Paralemsis
999 2730 1076 2814 b,
1122 2748 1200 2815 ut
1222 2726 1711 2819 praetereundo
1749 2726 2087 2804 dicamus,
2124 2737 2192 2789 et
2227 2720 2337 2786 di-
2440 2808 2449 2819 ι

157 2831 386 2899 cendo
431 2845 924 2919 praetereamus
963 2874 982 2891 .

233 3088 274 3119 a
313 3068 392 3117 Ita
432 3064 542 3117 cod.
612 3060 642 3114 b
678 3063 815 3115 Infra
859 3061 1194 3133 paralempsts
1213 3098 1225 3111 .
1268 3060 1348 3107 Sic
1385 3058 1437 3105 in
1473 3030 1791 3120 palimpsesto
1831 3034 2084 3100 uffionensi
2134 3049 2340 3123 interpr.

159 3162 311 3231 virg.
347 3176 400 3225 p.
442 3156 492 3205 6.
527 3154 749 3225 legebam
783 3128 1248 3218 ι’πινείλημψις
1283 3158 1476 3197 seruat·
1515 3152 1564 3213 μ
1601 3138 1743 3189 uerbi
1794 3114 2105 3209 λαμβάνω
2135 3163 2154 3223 .’

258 3370 284 3407 ι
334 3348 536 3405 Sermo
580 3354 666 3403 est
718 3340 793 3399 de
827 3350 1016 3395 terrae
1047 3346 1210 3392 motu
1293 3352 1370 3388 na
1407 3329 1701 3389 confusam
1736 3322 1847 3383 sibi
1880 3313 2343 3409 persuaserunt?

155 3452 288 3513 quo
315 3431 558 3507 Cyzicus
593 3442 861 3484 concussa
885 3431 1003 3477 est.
1047 3410 1216 3495 Cyzi-
1297 3414 1341 3473 ii
1405 3434 1562 3471 nune
1624 3406 1973 3468 auctoritate
2038 3402 2347 3457 Frontonis

157 3518 218 3576 ci
272 3514 427 3571 hanc
479 3510 710 3571 cladem
754 3503 1094 3582 xiphilinus
1161 3511 1219 3557 et
1305 3506 1738 3574 coarguuntur.
2158 3561 2171 3575 ⁸
2275 3561 2288 3574 ⁸

159 3602 432 3659 zonaras
464 3592 644 3669 <xll-
687 3600 786 3662 ι.)
831 3588 910 3644 ad
945 3583 1033 3644 Pii
1069 3597 1220 3641 tem-
1385 3604 1418 3640 α
1457 3586 1546 3638 De
1587 3591 1777 3635 terrae
1818 3581 1975 3629 motu
2013 3608 2031 3636 ‚
2076 3583 2175 3639 qm
2208 3581 2358 3619 asta·

159 3702 320 3761 pora
353 3678 718 3744 retulerunt,
785 3668 1221 3732 contradicente
1307 3664 1484 3721 ticum
1517 3662 1658 3720 litus
1708 3676 1771 3715 ea
1806 3660 2154 3743 tempestate
2188 3666 2355 3742 fluas·

165 3786 308 3823 cum
360 3763 490 3820 aliis
525 3760 800 3818 Reimaro
852 3756 928 3811 ad
973 3752 1221 3810 Dionem
1304 3747 1490 3817 sauit‚
1565 3742 1851 3819 legendus
1902 3750 1987 3795 est
2021 3730 2353 3796 Ansudes,

161 3846 356 3909 Lxx.
399 3852 449 3915 4.
491 3846 564 3902 Et
599 3861 738 3899 sane
780 3836 1092 3897 Frontonis
1125 3832 1230 3891 hio
1309 3830 1405 3905 qui
1439 3850 1548 3907 pro
1582 3848 1646 3885 ea
1685 3822 2013 3885 calamitate
2047 3808 2125 3870 ad
2156 3814 2359 3891 lmpef·

155 3931 338 3995 ,locus
359 3925 746 3987 calamitatem
773 3921 1096 3997 cyzicenam
1116 3916 1224 3974 sub
1309 3927 1530 3971 ratores
1581 3922 1664 3994 ‘et
1724 3904 1957 3985 scripsit
2042 3910 2101 3955 et
2167 3912 2359 3987 coram

167 4016 378 4071 Marco
429 4008 741 4086 contigisse
801 4004 1020 4061 docetz
1069 4000 1230 4072 quod
1311 3994 1543 4053 orauit.
1590 3992 1809 4051 Confer
1870 3996 2181 4065 praeterea
2211 3976 2363 4051 Phi-,-

169 4116 320 4154 nero
339 4096 582 4171 quidam
601 4092 676 4149 ad
715 4088 1084 4167 praedictum
1117 4085 1230 4141 Di-
1310 4080 1620 4139 lustratum
1653 4075 1712 4131 in
1746 4070 2007 4131 Aristide
2042 4110 2055 4122 .

175 4179 308 4239 onis
339 4176 542 4238 locum
567 4175 842 4257 Cyzicum
877 4192 1007 4231 cum
1025 4172 1232 4247 Smyr-
1397 4162 1434 4221 3
1480 4160 1576 4223 Sic
1609 4156 1899 4239 repetitur
1946 4154 2009 4209 in
2060 4144 2191 4208 eod.

1796 4306 1841 4353 *k
