3384 5134
976 479 1078 531 τοι
1111 483 1146 530 n
1172 483 1212 530 n
1245 477 1310 530 ιι·
1357 454 1456 528 ιη’
1671 503 1678 510 -
2177 457 2272 556 73

163 573 599 676 Aesculapio
635 573 970 676 supplico
985 589 1022 680 §¹
1049 633 1072 671 ‚
1122 577 1235 650 uti
1267 572 1749 648 ualetudinem
1788 572 2107 668 magistri
2136 575 2281 646 mei

159 696 334 768 bene
375 709 728 796 temperet
757 695 1344 796 uehementerque
1375 709 1682 769 tueatur.
1738 694 1915 766 lnde
1964 695 2299 793 Athenasx

157 813 534 912 degredior
565 869 588 908 ,
645 814 1037 886 Mineruam
1087 815 1378 912 genibus
1444 815 1653 888 nixus
1716 814 2015 888 obsecro
2069 828 2277 914 atque

155 960 280 1008 oro
309 989 333 1027 .,
393 933 634 1033 siquid
683 959 813 1032 ego
869 959 1215 1034 umquam
1271 933 1664 1007 litterarum
1731 936 1959 1029 sciam
1988 987 2011 1027 .,
2068 948 2148 1006 ut
2192 931 2274 1038 id

149 1051 620 1154 potissimum
661 1079 749 1126 ex
785 1054 1168 1126 Frontonis
1204 1077 1325 1126 ore
1371 1053 1450 1126 in
1499 1067 1750 1153 pectus
1779 1080 2024 1127 meum
2057 1077 2273 1126 com-

153 1173 416 1268 migret
463 1228 482 1244 .
563 1172 774 1244 Nunc
850 1170 1062 1245 redeo
1115 1171 1426 1244 Romam
1465 1227 1486 1266 ‚
1544 1171 1853 1273 deosque
1911 1172 2129 1248 uiales
2204 1185 2280 1246 et

152 1293 618 1392 promarinos
653 1292 842 1366 uotis
890 1291 1178 1392 inploro
1217 1347 1240 1386 ‚
1308 1308 1391 1365 ut
1457 1294 1638 1365 mihi
1703 1319 1911 1367 omne
1963 1295 2101 1366 iter
2155 1307 2277 1400 pua

145 1415 542 1513 praesentia
574 1414 1004 1486 comitatum
1063 1413 1202 1510 sit,
1257 1436 1482 1514 neque
1536 1437 1666 1510 ego
1707 1429 1857 1487 tam
1896 1440 2101 1514 saepe
2124 1427 2277 1486 tam

149 1557 360 1604 saeuo
438 1530 792 1606 desiderio
865 1532 1110 1629 fatiger
1143 1588 1162 1601 .
1216 1531 1598 1604 Postremo
1655 1532 1891 1604 omnis
1944 1531 2275 1604 omnium

147 1649 600 1750 populorum
653 1653 1008 1752 praesides
1061 1652 1232 1726 deos
1261 1708 1284 1746 .,
1338 1665 1548 1751 atque
1597 1651 1839 1750 ipsum
1897 1651 2147 1724 lucum
2186 1666 2219 1700 ⁸
2246 1706 2274 1746 ‚

149 1772 266 1868 qui
295 1771 742 1872 Capitolium
775 1789 1100 1847 montem
1136 1763 1485 1871 strepitb2
1506 1828 1527 1863 ,
1553 1796 1815 1872 quaeso
1844 1772 2105 1845 tribuat
2131 1772 2277 1844 hoc

149 1888 360 1964 nobis
417 1907 582 1986 ‚·ut
611 1893 830 1968 istum
889 1894 1081 1968 diem
1133 1949 1156 1987 ‚
1213 1919 1360 1993 quo
1420 1891 1602 1962 mihi
1652 1907 1857 1964 natus
1908 1919 1983 1965 es
2023 1904 2054 1941 c
2090 1945 2113 1986 ‚
2170 1907 2275 1964 te-

149 2032 310 2080 cum
341 2065 364 2105 .,
423 2013 648 2086 firmo·
701 2027 770 2086 te
819 2013 1146 2114 laetoque
1183 2069 1200 2108 ,
1259 2009 1751 2084 concelebrem
1791 2067 1809 2082 .
1874 2009 2053 2082 Uale
2085 2066 2107 2105 ,
2164 2013 2271 2084 mi

147 2125 558 2202 dulcissime
609 2147 682 2204 et
717 2133 1082 2207 carissime
1115 2131 1488 2229 magister.
1541 2131 1784 2226 Rogo,
1844 2155 2103 2229 corpus
2146 2155 2273 2204 cu-

67 2293 70 2298 -
149 2273 216 2320 ra
252 2303 282 2342 2
329 2264 414 2322 ut
473 2277 698 2350 quom
749 2279 1006 2328 uenero
1048 2253 1331 2327 uideam
1371 2267 1481 2324 ω.
1533 2231 1843 2324 Domina
1877 2249 2127 2323 meate
2159 2275 2271 2324 sa-

147 2362 321 2440 lutat
350 2421 372 2438 .

747 2541 756 2554 ·
841 2521 916 2570 X·
1003 2513 1292 2566 DOMINO
1361 2517 1572 2566 ΜΕΟο

341 2729 604 2800 Omma
628 2727 838 2803 nobis
867 2753 1206 2829 prospera
1233 2741 1396 2800 sunt
1417 2781 1440 2819 ‚
1478 2751 1703 2827 quom
1756 2739 1835 2798 tu
1884 2751 2018 2826 pro
2053 2722 2265 2800 nobis

146 2857 348 2944 optas
377 2879 398 2915 ε
465 2873 688 2946 neque
719 2849 912 2920 enim
975 2848 1354 2949 quisquam
1419 2847 1699 2943 dignior
1756 2846 1931 2925 alius
1966 2861 2033 2918 te
2058 2901 2081 2941 .,
2138 2846 2265 2945 qui

139 2993 174 3034 a
203 2965 311 3038 dis
351 2993 536 3068 quae
559 2948 738 3066 petii
764 2969 1112 3067 inpetrett,
1169 2968 1308 3040 nisi
1365 2967 1559 3066 quod
1594 2991 1721 3062 ego
1762 2991 1932 3038 cum
1996 2991 2131 3065 pro
2191 2979 2262 3038 te

139 3111 392 3182 precor
421 3079 462 3136 ἆ
488 3143 512 3181 ‚
568 3115 782 3164 nemo
815 3090 994 3163 alius
1027 3103 1096 3160 te
1129 3086 1410 3185 dignior
1438 3103 1545 3160 est
1574 3113 1711 3186 pro
1738 3111 1881 3184 quo
1928 3085 2266 3182 impetre-

141 3219 254 3278 tur
273 3217 304 3253 e
342 3257 365 3273 .
389 3205 578 3280 Uale
606 3263 629 3304 ‚
664 3209 975 3286 Domine
999 3207 1412 3284 dulcissime
1438 3264 1455 3279 .
1488 3207 1876 3280 Dominam
1912 3204 2135 3277 saluta
2163 3258 2182 3273 .

200 3397 232 3427 a
267 3381 387 3432 cod.
421 3377 586 3430 laetam
612 3420 624 3433 .
698 3383 729 3434 b
760 3385 886 3434 Nora
917 3391 1073 3453 stt-epo
1107 3399 1220 3430 cum
1275 3383 1544 3431 accusatino
1576 3393 1729 3438 οπως
1784 3377 1911 3426 unde
1953 3375 2263 3427 confirmatur

139 3463 442 3502 contmuern
458 3449 585 3502 Liuii
605 3452 819 3522 syntaxis
834 3453 901 3504 11.
921 3459 1004 3516 45.
1073 3463 1102 3499 c
1135 3451 1254 3501 Cod.
1274 3465 1344 3503 esc
1359 3488 1372 3510 ,
1396 3452 1474 3502 sed
1497 3463 1516 3497 t
1535 3450 1713 3500 ibidem
1732 3465 1973 3516 expuncta
1992 3485 2006 3498 .
2073 3447 2111 3498 d
2143 3447 2263 3500 eod.

135 3536 324 3590 praecor
347 3561 360 3574 .
437 3522 558 3572 elta
604 3525 714 3574 cod.
749 3541 837 3593 per
870 3526 956 3586 ae'm3
1007 3537 1056 3572 at
1085 3523 1230 3590 paulo
1265 3539 1374 3574 ante
1413 3540 1499 3589 per
1525 3523 1579 3570 ῖη
1603 3558 1616 3571 .

216 3679 238 3714 1
283 3659 618 3737 Aesculapii
641 3662 916 3738 templum
948 3683 1156 3740 perga·-
1204 3657 1430 3718 ‘nemus
1473 3660 1750 3737 Argileti.
1796 3663 2099 3720 Praeterea
2153 3659 2265 3718 Li-

138 3759 352 3801 menum
396 3755 462 3801 et
491 3761 650 3802 sacra
683 3758 962 3802 memorat
1005 3748 1158 3803 Pau·
1237 3744 1364 3801 uius
1386 3766 1472 3802 vt.
1508 3765 1583 3802 20
1617 3763 1720 3802 nos
1742 3743 1908 3801 docet
1931 3747 2025 3809 ·Μ·
2060 3740 2260 3802 Manlii

137 3825 312 3904 sanias
331 3827 558 3884 mae:
587 3822 912 3902 Aesculapii
932 3827 1150 3903 asylum
1235 3828 1468 3884 domum
1500 3823 1671 3884 fuisse
1690 3828 1827 3885 olim
1860 3826 1919 3882 in
1955 3846 2084 3883 area
2105 3867 2123 3891 ‚
2156 3825 2260 3882 ubi

137 3905 284 3978 apud
318 3906 664 3982 Pergamum
698 3911 932 3968 Tacitus
965 3909 1150 3968 annal.
1231 3921 1426 3986 postea
1448 3909 1615 3966 aedes
1649 3923 1707 3968 et
1738 3909 1959 3970 officina
1995 3909 2258 3965 Monetae

139 4007 228 4043 ιιι.
261 3991 352 4047 63.
391 3986 478 4048 Ex
509 3977 624 4046 hac
643 3983 890 4067 epistula
936 3999 1156 4050 constat
1236 3991 1381 4061 fuit,
1403 4013 1606 4070 nempe
1621 3993 1684 4062 jn
1716 3987 2007 4070 Capitolio
2029 4030 2044 4044 .
2078 3985 2258 4066 Atqui

137 4067 196 4122 id
237 4072 516 4150 templum
567 4072 742 4131 fuisse
782 4074 845 4132 in
891 4075 1156 4153 Pergami
1238 4067 1440 4133 Cicero
1473 4096 1577 4150 pro
1631 4069 1799 4133 domo
1844 4087 1965 4150 cap.
2012 4090 2255 4132 xxxvnt

133 4167 288 4208 arce.
1225 4177 1413 4214 aream
1459 4159 1617 4215 illam
1664 4158 2007 4216 manlianam
2032 4154 2257 4220 duobus

209 4253 238 4290 2
259 4235 528 4314 Intellige
543 4235 742 4297 lucum
759 4237 1026 4298 Bellonae
1045 4251 1144 4300 aut
1223 4238 1368 4298 lucis
1393 4243 1767 4303 conueslitam
1786 4241 2171 4300 demonstrat.
