3384 5134
830 500 1224 553 ancll’m

2202 470 2351 549 313

1325 499 1730 551 ms‘ronlu:

203 580 928 692 flauerit,'adii1uerit.
959 598 1112 671 Ubi
1137 596 1462 697 primum
1494 597 1709 669 frater
1730 610 1893 669 tuus
1920 606 1941 643 ¹
1964 618 2353 670 commen-

201 719 466 791 tarium
497 718 797 812 miserit,
829 744 980 792 rem
1007 712 1374 821 co[piose]
1405 694 1719 790 scribere
1740 716 2267 815 adgrediemur,
2295 718 2359 791 si

201 844 441 907 tamen
467 835 632 925 hoc,
658 836 856 937 quod
883 838 1120 933 gustui
1147 836 1505 909 mittimus
1533 850 1562 885 θ
1585 890 1607 931 .,
1665 862 1815 912 non
1839 834 2357 936 displicebit...

195 954 464 1027 Tantas
511 982 622 1029 res
667 986 706 1029 a
767 970 834 1029 te
887 968 1160 1055 gestaS.
1220 968 1525 1080 quantas
1576 971 1652 1028 et
1680 954 2005 1029 Achilles
2058 956 2357 1052 gessisse

193 1092 494 1176 cuperet
527 1092 598 1150 et
647 1078 1030 1150 Homerus
1045 1076 1414 1150 scribsisse
1455 1089 1538 1148 2.

385 1190 487 1297 .[
508 1192 808 1298 rursus]
852 1223 1106 1269 uereor
1142 1222 1228 1267 nc
1273 1198 1562 1296 quando
1597 1190 1628 1298 [
1663 1212 1868 1270 taceo
1904 1192 1979 1268 in
2038 1180 2361 1270 solifun·

532 1373 550 1387 .
600 1315 1084 1393 concentibus
1143 1330 1216 1387 et
1267 1315 1510 1389 modis
1549 1316 1909 1389 absonum
1948 1313 2126 1416 quid
2176 1340 2352 1387 mo·-

189 1192 350 1267 his.

191 1311 499 1419 diis]..

1581 1075 2312 1150 ‚laborationibus.

193 1434 446 1511 dulatu
485 1454 556 1511 et
595 1453 812 1511 cantu
852 1440 1236 1511 cecinerim
1275 1495 1686 1512 ......

399 1560 683 1631 Eorum
723 1558 1057 1657 profecto
1107 1556 1466 1631 uberrima
1531 1558 1806 1655 ingenia
1848 1556 2351 1632 frustra-fuis-

187 1684 394 1774 sent,
451 1678 590 1751 nisi
635 1680 1034 1777 magnificis
1088 1704 1162 1753 se
1252 1678 1464 1751 rebus
1523 1679 1923 1754 scribendis
1984 1705 2348 1781 occupas-

181 1814 342 1871 sent
371 1834 388 1870 ε
443 1800 758 1901 itemque
804 1799 944 1873 nisi
975 1826 1110 1899 pro
1151 1802 1642 1899 magnitudine
1675 1828 1915 1875 rerum
1941 1814 2343 1900 gestarum,

181 1919 626 1995 scribtorum
661 1950 948 2025 quoque
993 1925 1270 2022 ingenia
1324 1940 1795 2023 congruerent
1827 1981 1846 1996 .
1880 1980 1897 1995 .
1932 1981 1950 1996 .

1988 1918 2031 1959 ἡ

373 2042 690 2117 'Herculi
727 2035 766 2093 b
787 2068 1128 2117 erumnae
1154 2056 1188 2093 ⁰
1209 2045 1525 2117 celebres
1555 2046 1614 2118 si
1665 2038 1869 2145 [non
1904 2038 2037 2145 re]
2068 2044 2287 2121 etiam
2310 2096 2340 2137 ‚

371 2280 406 2309 ⁸
454 2280 555 2344 M.
605 2276 968 2341 Homerum
1004 2276 1202 2342 dicit.
1253 2276 1634 2366 Xenophon
1677 2275 1796 2341 hic
1829 2274 1953 2343 sub
1992 2275 2177 2364 Cyro
2212 2274 2345 2341 sti-

177 2370 426 2461 pendia
463 2369 617 2434 feeit
657 2370 694 2427 3
720 2416 740 2432 .

250 2606 286 2637 a
321 2588 400 2637 Sic
435 2588 616 2638 Seneca
652 2603 731 2651 ep.
770 2600 932 2636 exitu
959 2619 972 2641 ‚
1008 2586 1094 2635 ubi
1129 2587 1346 2654 loquitur
1407 2586 1468 2635 de
1502 2585 1715 2653 quodam
1765 2584 1978 2635 Sallustii
2010 2579 2185 2650 putido
2218 2550 2340 2636 imi-

178 2674 338 2713 tutore
356 2693 371 2716 2

411 2656 477 2705 ait
495 2680 506 2702 ε
551 2666 750 2723 gramm
803 2654 892 2704 ciba·
927 2654 1052 2705 dare
1082 2657 1227 2707 'uoltu'
1257 2696 1270 2709 .

1341 2658 1372 2707 ὃ
1409 2659 1482 2706 Ita
1527 2674 1618 2724 pro
1661 2655 1889 2706 Herculis
1908 2690 1923 2713 ,
1972 2670 2028 2703 ut
2077 2654 2194 2704 alibi
2230 2658 2346 2722 ipse

177 2736 364 2785 Fronto
391 2766 404 2785 ‚
435 2742 482 2777 et
532 2746 672 2793 saepe
707 2724 941 2775 eiusmodi
987 2730 1184 2777 nomina
1234 2730 1368 2795 apud
1411 2730 1515 2779 eie.
1583 2745 1612 2775 c
1645 2729 1731 2777 Do
1760 2742 1969 2781 erumna
2000 2728 2103 2777 sine
2137 2725 2339 2795 diphth.

177 2807 230 2853 in
270 2804 427 2871 prima
457 2798 652 2877 Gsytlnb-
695 2798 807 2847 satis
845 2796 962 2848 dicit
991 2798 1290 2849 Part-etlinun
1313 2835 1326 2850 .

175 2990 387 3047 corpus
449 2963 848 3026 subiunxisse.
895 2966 1010 3025 Scd
1055 2964 1206 3023 enim

171 3056 353 3131 plane
371 3073 484 3109 non
506 3060 747 3117 constat,
769 3060 960 3105 utrum
984 3052 1205 3106 Fronto

169 3136 480 3195 historiam
511 3152 716 3210 reapse
734 3145 932 3207 postea
950 3132 1206 3208 scripse⁴

167 3223 248 3279 rit
270 3262 286 3287 ‚
325 3216 666 3297 praesertim
699 3229 818 3271 tam
853 3213 1110 3290 capulari
1147 3227 1204 3272 et

174 3302 544 3362 acheruntica
568 3311 754 3357 aetate
773 3342 784 3353 .
805 3297 1048 3373 Scripsit
1075 3318 1206 3353 cer-

170 3400 232 3445 te
267 3408 387 3443 eam
426 3402 630 3461 graece
666 3380 898 3438 Asinius
939 3378 1206 3452 Quadra-

168 3484 264 3527 tus
298 3467 404 3525 sub
438 3464 723 3542 Philippis
758 3463 948 3521 clarus
976 3488 995 3530 3
1041 3461 1202 3538 quod

167 3572 314 3628 opus
346 3594 365 3620 ,
407 3570 563 3607 nunc
615 3546 1022 3625 deperditum,
1069 3544 1203 3601 lau-

168 3636 315 3691 dant
353 3630 720 3710 Capitolinus
761 3629 822 3685 in
857 3630 1018 3686 Vero
1057 3648 1199 3695 vm,

165 3720 225 3775 V
230 3712 526 3775 ulcatius
509 3736 570 3771 m
617 3714 816 3775 Cassio
849 3713 914 3779 l,
982 3724 1037 3767 et
1087 3728 1206 3765 non

163 3799 344 3857 semel
365 3797 696 3877 Stephanus
707 3794 834 3875 byz.
857 3794 918 3851 in
937 3793 1198 3853 urbibus.

261 3903 280 3938 1
332 3881 427 3941 Sic
497 3879 756 3956 loquitur
799 3882 1017 3937 Fronto
1066 3876 1202 3953 quia

162 3964 372 4021 scribit
433 3964 508 4021 ad
579 3968 836 4020 Marcum
897 3957 1200 4018 Aurelium

163 4045 308 4123 imp.
331 4046 548 4105 Recole
565 4057 758 4103 autem
795 4044 874 4101 ad
894 4042 1076 4103 Ver.
1057 4062 1201 4119 imp.

161 4130 274 4189 ΠΙ.
315 4150 487 4187 vnn.

250 4232 284 4272 2
333 4214 699 4291 Quamquam
730 4206 884 4269 haec
917 4208 992 4268 de
1041 4206 1206 4269 Vero

1293 2966 1410 3027 dici
1434 2970 1729 3035 uidentur,
1752 2963 2130 3023 nihilominus
2150 2968 2341 3027 Fron-0

1293 3064 1348 3107 to
1399 3072 1636 3128 prorsus
1675 3050 1877 3107 scribit
1907 3048 1983 3105 ad
2018 3052 2332 3109 Marcum.

1286 3136 1413 3196 Nisi
1453 3136 1501 3193 is
1541 3133 1739 3189 forte
1724 3154 1787 3187 m
1837 3150 2017 3208 opere
2092 3128 2335 3207 quidem

1287 3217 1713 3295 adloquebatur
1744 3216 1973 3273 Verum
2006 3252 2027 3281 ‚
2083 3212 2145 3269 in
2181 3215 2339 3291 epi,-

1285 3300 1436 3357 stnla
1486 3312 1676 3356 autem
1728 3294 1966 3375 praeuia
2010 3298 2331 3355 Marcum.

1287 3386 1610 3441 Romanum
1647 3380 1787 3456 imp.
1827 3396 2067 3454 graecus
2098 3394 2349 3454 quoque

1282 3465 1426 3523 belli
1479 3462 1735 3541 parthici
1780 3460 2039 3537 scriptor
2101 3459 2331 3518 Achilli

1285 3548 1660 3607 contenderat
1693 3586 1713 3615 ,
1767 3564 1827 3599 se
1879 3552 2073 3599 autem
2116 3542 2327 3601 Home-

1286 3652 1352 3689 ro
1385 3632 1544 3708 apud
1578 3627 1898 3689 Lucianum
1924 3644 2018 3703 op.
2058 3622 2157 3681 cit.
2196 3646 2327 3707 cap.

1289 3736 1458 3772 xun-

1366 3798 1402 3856 3
1448 3792 1735 3857 Lucianus
1756 3812 1849 3869 op.
1872 3788 1969 3849 cit.
1994 3808 2119 3865 cap.
2158 3810 2325 3851 xxnr

1284 3878 1544 3937 meminit
1581 3877 1878 3935 cuiusdam
1910 3895 2009 3951 qui
1994 3867 2171 3928 belh
2208 3874 2333 3933 hu..

1283 3964 1374 4020 ius
1407 3960 1711 4022 historiam
1766 3978 1997 4017 exorsus
2032 3964 2155 4013 erat
2188 3954 2334 4015 imi-

1285 4048 1466 4105 tando
1529 4040 2005 4120 xenophonteum
2088 4036 2331 4101 initium

1285 4128 1394 4206 τὸς
1426 4126 1791 4203 ἀναβάσεως
1836 4170 1856 4189 .
