3384 5134
1146 420 1246 495 9²
1666 418 1780 469 An
1841 418 1953 468 Μ·
2027 417 2566 470 catsant!

1150 502 1447 588 diorem'
1472 514 1613 589 sibi
1646 544 1669 611 .·,
1713 515 2034 587 amicum
2067 515 2494 589 amiciorem
2527 512 2708 586 mihi
2744 512 2974 589 facere
3005 528 3037 565 ⁸
3067 546 3088 586 ε
3141 528 3318 591 tum

1144 646 1394 707 autem
1412 631 1502 706 de
1524 634 1611 707 iis
1650 632 2070 733 singillatim
2106 633 2200 706 ad
2239 660 2354 707 me
2369 634 2814 734 perscribere
2841 668 2862 706 ε
2914 635 3099 709 inibi
3111 638 3316 709 scri-

1148 754 1316 829 bere
1366 757 1702 831 nuntium
1726 756 1816 829 de
1849 759 2018 857 ipso
2079 754 2365 829 Iuliano
2427 758 3017 856 optatissimum,
3075 757 3314 830 uerba

1147 878 1576 951 suauissima
1604 933 1627 973 .‚
1687 875 1994 951 consilia
2029 875 2490 951 saluberrima
2525 932 2544 947 .
2599 875 2798 967 Quid
2829 874 3012 949 illud
3035 932 3061 972 .‚
3101 874 3314 977 quod

1140 994 1597 1071 dissimulare
1623 996 1825 1070 nullo
1851 995 2082 1071 modo
2113 1022 2410 1099 possum
2435 1052 2458 1092 .‚
2493 994 2683 1097 apud
2711 994 2932 1069 alium
2963 995 3322 1071 dissimu-

1148 1111 1417 1190 laturus
1445 1110 1488 1191 ⁶?
1545 1120 1789 1218 utique
1842 1115 2022 1192 illud
2063 1118 2303 1218 ipsum
2339 1114 2536 1217 quod
2575 1130 2767 1189 tanta
2799 1116 2893 1189 ad
2925 1142 3042 1191 me
3071 1116 3314 1215 scrip-

1142 1233 1309 1307 ·sisti
1326 1258 1499 1310 cum
1526 1261 1681 1311 cras
1706 1253 2043 1311 uenturus
2067 1262 2294 1311 essem
2320 1228 2362 1311 ’.Ρ
2415 1234 2506 1307 ld
2535 1260 2708 1308 uero
2731 1235 2912 1309 mihi
2933 1234 3144 1333 louge
3167 1234 3312 1307 suit

1140 1356 1638 1451 gratissimum
1658 1413 1681 1452 ‚
1711 1359 1786 1429 in
1816 1384 1905 1430 eo
1937 1382 2066 1455 ogo
2093 1348 2130 1406 Ι)
2163 1384 2280 1431 me
2304 1356 2802 1431 beatissimum
2829 1374 3040 1457 supra
3066 1354 3311 1430 omnis

1144 1476 1477 1551 homines
1534 1478 1915 1553 arbitratus
1983 1504 2145 1552 sum
2181 1512 2200 1549 ε
2253 1504 2424 1551 nam
2481 1477 2734 1578 quanti
2801 1503 2920 1551 me
2981 1475 3250 1549 faceres
3277 1529 3302 1564 ,

1150 1580 1631 1699 quantamque
1667 1596 2028 1673 amicitiae
2082 1626 2278 1675 meae
2313 1599 2608 1673 haberes
2645 1596 2986 1671 fiduciam
3011 1652 3046 1691 ,.,
3103 1595 3184 1669 in
3213 1618 3304 1666 eo

1146 1720 1691 1823 maximeatque
1717 1721 2132 1795 dulcissime
2161 1720 2587 1795 ostendisti.
2627 1719 2822 1811 Quid
2847 1745 2977 1819 ego
2991 1715 3302 1810 addam,

1146 1839 1289 1915 nisi
1320 1852 1389 1913 te
1424 1841 1688 1915 merito
1725 1866 1895 1917 amo
1935 1836 1978 1916 ’.Ρ
2011 1843 2152 1915 Sed
2184 1842 2362 1944 quid
2393 1842 2567 1918 dico
2601 1842 2860 1915 merito
2883 1834 2927 1917 ἶ)
2955 1867 3124 1913 nam
3153 1840 3307 1912 uti-

1142 1988 1313 2035 nam
1335 1987 1474 2060 pro
1511 1974 1637 2037 tuo
1676 1964 1938 2035 merito
1967 1978 2034 2036 te
2059 1989 2298 2035 amare
2337 1988 2628 2063 possem
2659 1967 2676 2036 !
2736 1961 2996 2061 Adque
3032 1974 3062 2007 ⁰
3090 1960 3174 2034 id
3199 1974 3307 2034 cst

1142 2078 1347 2181 quod
1397 2106 1605 2182 saepe
1637 2081 1917 2155 absenti
1967 2078 2203 2181 adque
2255 2082 2521 2155 insonti
2561 2082 2690 2155 tibi
2731 2082 3010 2155 irascor
3065 2079 3302 2181 adque

1112 2222 1529 2277 ,suscenseo
1559 2253 1581 2292 ‚
1622 2198 1826 2298 quod
1850 2199 2021 2273 facis
2051 2226 2133 2272 ne
2173 2214 2240 2271 te
2269 2254 2291 2295 ‚
2325 2215 2400 2275 ut
2435 2198 2604 2274 uolo
2632 2255 2655 2294 ,
2699 2226 2938 2273 amare
2960 2198 3298 2301 possim;

1150 2317 1232 2389 id
1268 2332 1381 2392 est
1410 2344 1498 2390 ne
1532 2342 1734 2391 meus
1774 2319 2055 2393 animus
2081 2346 2408 2395 amorem
2443 2336 2652 2395 tuum
2699 2344 2922 2419 usque
2960 2317 3056 2391 ad
3093 2342 3304 2391 sum·

1144 2464 1353 2511 mum
1384 2429 1778 2511 columend
1798 2437 1948 2511 eius
1963 2439 2294 2538 persequi
2317 2454 2566 2539 posset
2586 2452 2646 2511 θ.
2669 2440 2776 2513 De
2791 2438 3074 2513 Herode
3099 2434 3303 2539 quod

1146 2558 1331 2631 dicis
1355 2615 1378 2655 .,
1407 2580 1619 2658 perge
1644 2613 1667 2653 .,
1715 2584 1851 2632 oro
1883 2572 1952 2633 te
1983 2616 2006 2655 ,
2042 2574 2126 2633 ut
2161 2562 2471 2652 Quintus
2504 2573 2524 2609 ¹
2558 2576 2805 2635 noster
2825 2562 2928 2633 ait
2951 2616 2972 2655 .‚
3011 2560 3302 2662 peruin-

1146 2704 1229 2749 ce
1263 2678 1615 2777 pertinaci
1677 2672 2080 2779 peruicacia
2135 2674 2164 2731 f
2191 2737 2210 2753 .
2266 2686 2366 2757 Et
2396 2682 2731 2757 Herodes
2765 2696 2833 2755 te
2869 2696 3066 2755 amat
3098 2693 3134 2731 2
3161 2737 3184 2775 .‚
3235 2694 3304 2755 et

1138 2822 1274 2891 ego
1306 2796 1473 2869 istic
1502 2797 1645 2869 hoc
1673 2823 1806 2897 ago
1835 2855 1858 2895 .‚
1914 2812 1986 2873 et
2019 2800 2143 2900 qui
2185 2814 2253 2873 te
2287 2827 2435 2874 non
2483 2815 2680 2874 amat
2705 2856 2728 2895 .,
2785 2801 3124 2901 profecto
3185 2824 3300 2871 ne-

1142 2939 1282 3015 que
1334 2915 1455 2990 ille
1486 2920 1733 2992 animo
1769 2920 2111 3019 intellegit
2148 2978 2170 3017 ‚
2209 2949 2438 3023 neque
2471 2922 2700 2996 oculis
2735 2923 2966 2996 uidet:
3001 2946 3174 2995 nam
3217 2920 3296 2991 de

1147 3035 1443 3108 auribus
1498 3037 1678 3111 nihil
1707 3038 1928 3137 dicor,
1983 3068 2155 3115 nam
2192 3044 2524 3115 omnium
2557 3070 2762 3117 aures
2815 3058 2972 3115 tuae
3003 3042 3296 3115 uoculae

1212 3285 1250 3315 α
1284 3268 1345 3317 Iu
1374 3266 1451 3319 hi·
1480 3268 1599 3319 loci·
1652 3272 1980 3337 interpunctio
2037 3270 2220 3322 codicis
2263 3272 2436 3325 uitiou
2471 3288 2544 3325 ent
2573 3312 2586 3327 .
2655 3272 2686 3325 b
2723 3280 2838 3341 Ego
2877 3270 3104 3325 scribitur
3143 3272 3294 3323 litter·

1142 3336 1313 3388 initiali
1352 3358 1525 3407 magna
1561 3356 1610 3390 et
1644 3358 1758 3390 cum
1796 3341 1954 3409 spatio
1989 3342 2052 3392 ad
2088 3342 2338 3413 quandam
2391 3343 2588 3395 fortasse
2622 3342 2890 3412 emphasim
2933 3342 3290 3393 declarandam·

1137 3427 1171 3457 c
1206 3408 1281 3459 Ita
1320 3409 1427 3461 cod.
1496 3410 1535 3459 d
1568 3411 1690 3463 eod.
1729 3410 1969 3465 columem
2001 3430 2020 3475 3
2073 3429 2182 3465 tum
2227 3416 2332 3467 eius
2379 3416 2722 3481 nuper-additur
2753 3449 2768 3465 .
2839 3431 2867 3461 e
2919 3416 2998 3466 It·
3025 3414 3149 3463 -cod-
3207 3430 3292 3461 ποῦ

1134 3480 1315 3549 possit.
1377 3472 1421 3549 f
1439 3480 1561 3532 cod.
1592 3484 1976 3553 pernimiam3
2007 3484 2094 3534 ned
2141 3502 2191 3533 m
2233 3484 2431 3539 sorum
2467 3502 2711 3554 expuncta
2735 3521 2750 3535 .

1230 3685 1253 3719 1
1303 3664 1493 3722 Latini
1536 3680 1742 3744 poetae
1775 3671 2021 3743 Quintus
2054 3675 2169 3730 No-
2253 3673 2374 3731 bito
2407 3674 2547 3750 quin
2583 3676 2808 3731 Marcus
2841 3668 3094 3731 Nouium
3137 3664 3292 3725 intel-

1140 3744 1303 3813 uius,
1342 3748 1591 3819 Quintus
1623 3750 1873 3823 Ennius,
1917 3755 2168 3827 Quintus
2251 3756 2436 3835 ligat,
2473 3776 2644 3832 quem
2677 3756 2912 3831 legebat
2933 3754 3038 3811 lib.
3079 3754 3161 3809 11.
3207 3750 3281 3805 13.

1142 3828 1355 3885 Fabius
1389 3830 1608 3899 Labeo,
1646 3834 1896 3904 Quintus
1916 3837 2178 3893 Lutatius
2281 3868 2306 3889 o
2345 3862 2378 3897 2
2423 3840 2638 3897 Confer
2679 3860 2772 3915 ep.
2813 3838 2890 3895 ad
2941 3832 3288 3892 Antoninum

1140 3910 1415 3983 catulus,
1436 3913 1650 3993 aliique
1678 3916 1880 3995 plures
1899 3958 1914 3974 .
1937 3917 2054 3981 Vix
2073 3920 2176 3977 du«
2260 3920 2401 4001 imp.
2439 3921 2543 3981 lib.
2569 3923 2660 3990 11,
2703 3934 2762 3981 et
2797 3922 2874 3978 ad
2895 3922 3136 3982 Verum.
