3384 5134
1095 470 1236 545 186
1854 488 1903 541 A
1928 494 1972 539 n
2064 492 2107 539 u
2146 493 2189 540 ιι
2218 492 2263 541 n
2290 492 2335 539 u
2372 490 2430 539 ιιι

1087 600 1498 683 merentur,
1549 603 1626 662 tu
1689 588 2151 685 ignoscere83
2202 586 2314 661 illi
2369 598 2685 659 tacerent
2718 639 2744 680 .,
2797 598 2875 658 tu
2936 584 3217 685 flagita-

1087 736 1195 783 res
1223 740 1246 805 ς
1279 708 1422 783 illis
1463 708 1786 781 officium
1843 708 2083 783 officio
2140 706 2655 808 repensabam‚
2712 704 2845 779 tibi
2902 734 3219 781 amorem

1085 856 1224 933 pro
1283 854 1527 905 amore
1581 828 1882 901 debeam
1907 883 1927 901 .
1973 832 2091 903 An
2122 828 2335 903 uelles
2384 827 2477 901 ad
2518 842 2587 901 te
2624 852 2909 928 quoque
2952 854 3067 902 me
3098 828 3212 901 lit·
3328 810 3330 819 Ι

1090 964 1274 1024 teras
1305 950 1616 1023 inuitum
1647 1004 1668 1043 ‚
1714 965 2127 1049 querentem
2154 1004 2177 1045 .,
2216 948 2667 1023 festinantem
2702 1002 2725 1042 ‚
2771 950 2937 1048 quia
2982 974 3217 1023 neces·

1090 1097 1166 1145 se
1211 1087 1412 1164 erat,
1457 1070 1706 1171 potius
1756 1096 1977 1171 quam
2004 1070 2191 1171 ,quia
2250 1067 2521 1142 libebat
2552 1123 2576 1163 ‚
2630 1067 2877 1141 darem
2912 1082 2945 1117 ⁸
2979 1062 3024 1142 ?
3080 1071 3221 1142 Cur
3330 1112 3332 1117 ·

1091 1208 1370 1287 autem,
1417 1192 1692 1293 inquies
1720 1247 1742 1285 ,
1788 1218 1936 1266 non
1965 1190 2239 1265 libebat
2262 1184 2304 1267 ¹?
2336 1192 2521 1295 Quia
2552 1209 2775 1291 neque
2814 1180 2993 1263 dum
3024 1192 3223 1291 quic-

1087 1337 1307 1413 quam
1352 1308 1713 1384 eiusmodi
1750 1308 2101 1385 effectum·
2140 1327 2336 1407 erat‚·
2376 1324 2457 1383 ut
2498 1326 2565 1384 te
2602 1308 2879 1384 luberet
2926 1310 3021 1383 ad
3052 1336 3216 1409 gau-

1085 1429 1190 1503 dii
1225 1430 1453 1505 societ
1469 1442 1660 1503 atem
1706 1454 1970 1503 uocare
1998 1486 2017 1503 .
2055 1432 2407 1505 curarum
2449 1456 2613 1503 uero
2638 1485 2662 1524 ,
2711 1456 2886 1531 quae
2918 1456 3035 1503 me
3078 1431 3219 1503 dies

1089 1562 1473 1649 noctesque
1527 1548 2019 1623 miserrimum
2063 1549 2372 1623 habuere
2396 1604 2421 1642 ‚
2498 1562 2570 1621 et
2618 1575 2849 1649 prope
2898 1548 3221 1650 despera-

1094 1668 1366 1742 tionem
1429 1692 1755 1742 summae
1810 1669 1913 1743 rei
1965 1668 2361 1772 perduxere
2392 1680 2414 1717 ¹
2448 1724 2471 1765 .,
2533 1670 2763 1743 facere
2798 1672 3222 1773 participem
3332 1668 3334 1671 ⁴

1082 1786 1957 1887 hominemcarissimum
1982 1844 2006 1883 .‚
2072 1801 2143 1861 et
2188 1812 2404 1889 quem
2444 1814 2729 1889 semper
2771 1786 3047 1863 laetum
3083 1816 3225 1862 esse
3334 1840 3336 1851 ·

1085 1932 1426 2011 cuperem
1464 1964 1488 2003 ‚
1537 1909 1773 1982 fateor
1810 1934 1956 1983 non
1996 1906 2290 1983 lubebat
2323 1966 2342 1980 .
2381 1910 2535 1981 Nec
2578 1909 2771 1981 enim
2808 1906 2992 1981 illud
3030 1908 3227 1982 lube-
3334 1972 3336 1977 .

1082 2026 1211 2101 bat
1269 2027 1467 2101 aliud
1543 2025 1789 2101 dolere
1822 2080 1847 2121 ,
1914 2024 2108 2101 aliud
2169 2025 2426 2126 loqui.
2494 2025 2843 2101 Simulare
2916 2028 3221 2101 Lucium

1087 2150 1482 2252 quicquam
1541 2148 1925 2221 aduersum
1972 2149 2423 2223 Frontonem
2446 2204 2481 2243 .,
2540 2176 2581 2221 a
2644 2174 2789 2251 quo
2852 2176 2983 2247 ego
3032 2152 3225 2249 prius
3336 2194 3338 2263 3

1083 2271 1320 2346 multo
1369 2266 1921 2369 simplicitatem
1964 2292 2353 2367 uerumque
2412 2292 2735 2367 amorem
2766 2322 2789 2363 .,
2856 2294 3087 2369 quam
3115 2266 3226 2340 lo-
3336 2328 3338 2343 2

1087 2389 1351 2493 quendi
1411 2386 1640 2489 polite
1708 2385 2179 2488 disciplinam
2234 2386 2573 2462 didicisse
2624 2414 2741 2463 me
2800 2382 3225 2489 praedico?

1085 2512 1446 2612 Equidem
1485 2525 1703 2609 pacto
1744 2534 2033 2610 quoque
2066 2564 2089 2603 ,
2137 2509 2338 2611 quod
2390 2511 2576 2583 inter
2606 2536 2736 2583 nos
2776 2510 3213 2609 iampridem

1085 2630 1528 2723 intercessit,
1579 2629 1753 2701 satis
1807 2652 1923 2699 me
1962 2626 2057 2699 ad
2102 2629 2383 2703 ueniam
2436 2628 2969 2731 impetrandam
3014 2656 3228 2729 para·-

1089 2764 1250 2826 tum
1293 2778 1443 2827 esse
1487 2749 1801 2822 arbitror
1831 2805 1848 2820 .
1890 2748 2211 2850 Denique
2236 2806 2257 2845 ‚
2286 2776 2727 2849 quamquam
2789 2750 2970 2823 mihi
2995 2751 3230 2826 laces·-
3338 2776 3340 2835 ξ

1091 2874 1266 2947 situs
1313 2901 1354 2946 a
1403 2898 1520 2944 me
1565 2870 1845 2970 saepius
1872 2926 1893 2965 ‚
1942 2894 2339 2969 numquam
2402 2884 2642 2943 tamen
2688 2872 3177 2971 rescripsisses
3210 2930 3229 2968 ,
3338 2876 3340 2921 ;

1100 2992 1438 3069 dolebam
1469 2990 1793 3065 hercules
1822 3046 1843 3087 ,
1883 2991 2006 3063 sed
2038 2992 2235 3091 pacti
2276 2983 2313 3040 ¹³
2344 2990 2701 3065 memoria
2754 3016 2897 3064 non
2946 3020 3236 3067 suscen-
3338 3052 3340 3065 ,

1093 3114 1340 3189 sebam
1369 3172 1388 3187 .
1443 3114 1824 3189 Postremo
1868 3110 2042 3213 quid
2086 3103 2359 3211 plura?
2410 3112 2520 3183 Ne
2558 3114 2802 3212 potius
2858 3112 3235 3190 defendere

1089 3262 1208 3310 me
1256 3262 1477 3337 quam
1531 3258 1737 3306 orare
1778 3246 1845 3305 te
1897 3230 2193 3326 uidear3
2256 3233 2595 3331 peccaui,
2650 3231 2926 3327 fateort,
2981 3234 3239 3309 aduer-

1095 3382 1216 3431 sus
1258 3381 1474 3456 quem
1539 3354 1837 3427 minime
1896 3352 2141 3427 decuit
2171 3408 2195 3447 ‚
2240 3354 2463 3427 etiam
2494 3352 2571 3425 id
2600 3366 2633 3402 ⁰
2660 3353 2893 3427 fateor
2916 3408 2935 3425 .
2972 3354 3121 3429 Sed
3168 3370 3239 3427 tu

1091 3472 1355 3548 melior
1405 3486 1561 3547 esto
1591 3526 1614 3545 .
1679 3471 1861 3545 Satis
1918 3474 2319 3572 'poenarum
2388 3468 2549 3564 lui,
2628 3468 2955 3569 primum
3010 3470 3095 3545 in
3156 3497 3239 3544 eo

1095 3594 1302 3699 ipso,
1354 3594 1556 3697 quod
1605 3616 1943 3695 peccasse
2000 3618 2119 3664 me
2176 3591 2399 3666 sentio
2444 3624 2463 3661 ε
2537 3616 2715 3665 mox
2773 3591 2973 3693 quod
3026 3595 3242 3665 tantis
3338 3582 3340 3595 '

1193 3812 1232 3846 a
1275 3796 1351 3847 Ita
1393 3794 1502 3849 cod.
1569 3794 1599 3845 b
1635 3796 1757 3849 Cod.
1790 3790 1930 3869 sacti
1954 3832 1969 3845 .
2040 3812 2070 3844 c
2104 3795 2184 3847 Ita
2206 3794 2451 3857 ochedae,
2501 3814 2638 3848 secu·
2667 3812 2724 3846 ac
2760 3798 2983 3863 princep-
3014 3796 3204 3847 editio.

1179 3986 1201 4024 ι
1243 3964 1603 4043 Capitolinus
1621 3966 1683 4023 in
1702 3966 1859 4025 Vero
1878 3984 2003 4042 cap.
2026 3986 2114 4024 vi:
2200 3977 2308 4023 etc.
2338 3968 2557 4025 Confer
2574 3969 2817 4025 Dione-
2836 3987 2999 4025 uxr.
3036 3988 3097 4024 a.
3122 3970 3239 4023 Ar-

1091 4070 1269 4126 qmem
1305 4052 1601 4128 facesset-to
1643 4054 1837 4126 legato
1875 4090 1891 4117 ‚
1930 4054 2119 4106 caesis
2200 4062 2533 4124 gumemum
2567 4052 2825 4125 grauiter
2846 4062 3033 4107 uersat
3056 4051 3237 4107 Fron-

1093 4133 1417 4207 Iegionibus
1443 4175 1465 4203 ‚
1515 4130 1731 4213 Syrie‘s‘
1756 4134 2123 4212 desectionem
2206 4144 2265 4189 to
2298 4153 2523 4210 quoque
2555 4146 2751 4191 notter
2770 4133 2829 4190 in
2848 4132 3129 4210 opusculo
3164 4132 3233 4189 de

1093 4216 1522 4295 cogitantibus,
1557 4222 1752 4276 oriens
1786 4226 2125 4275 uastat-etm-
2204 4214 2360 4275 hello
2394 4216 2661 4295 parthico
2680 4258 2695 4273 .
