3384 5134
1923 547 1927 554 .
2219 513 2343 564 vn

203 629 488 694 uren
535 623 1040 690 nurlssmn
1076 631 1314 710 ‚non
1357 621 1524 688 tam
1557 598 1931 688 ludentis
1962 601 2340 694 fortunae

204 745 658 831 arbitrium
687 803 716 852 ‚
781 773 1042 864 quam
1118 745 1358 862 regni
1415 747 1542 830 tui
1613 746 1823 831 iusta
1902 743 2272 831 conditio
2308 803 2339 851 ‚

205 885 358 1002 qui
441 882 836 971 fovendis
899 881 1580 1001 honorandisque
1641 882 2107 970 litterarum
2168 907 2345 974 stu·-

205 1021 380 1110 diis
443 1043 708 1112 tantas
753 1027 958 1139 opes
1005 1025 1378 1138 impertis
1413 1065 1440 1131 3
1489 1025 1640 1141 qui
1673 1045 1799 1109 tot
1831 1024 1915 1110 in
1944 1023 2179 1112 Urbe
2212 1059 2341 1113 re-

205 1195 472 1253 novas
503 1225 532 1270 ,
589 1195 802 1284 quae
849 1168 1016 1250 iam
1063 1188 1472 1252 cesserant
1513 1169 1893 1254 vetustati
1926 1207 1951 1274 3
2016 1169 2333 1284 quique

205 1304 618 1417 plurimas
663 1337 900 1393 curas
933 1310 1494 1394 monumentis
1537 1307 1919 1424 undique
1962 1309 2337 1424 conqui-

207 1445 498 1530 rendis
543 1475 637 1531 ac
668 1448 936 1534 ruinis
966 1444 1326 1561 publicis
1372 1441 1855 1534 reficiundis
1893 1446 2273 1565 indulges
2304 1511 2334 1535 .

213 1581 564 1672 Accedit
603 1585 744 1670 illa
781 1586 1376 1695 commoditas,
1403 1587 1638 1706 quod
1664 1589 1816 1673 hac
1842 1610 2103 1672 aetate
2124 1646 2150 1692 ‚
2176 1617 2348 1704 qua

209 1743 342 1809 tot
373 1725 853 1842 philosophi
872 1731 1128 1816 exorti
1163 1750 1356 1814 sunt
1389 1725 1495 1812 ad
1528 1724 2175 1841 perturbandam
2210 1757 2343 1811 re-

209 1861 628 1982 ligionem
699 1871 1134 1984 perniciosi
1199 1891 1282 1954 et
1313 1899 1591 1988 graves
1625 1928 1652 1976 ,
1706 1869 1967 1954 Marci
2044 1868 2343 1980 scripta

207 2005 692 2123 philosophi
712 2030 1177 2128 ‚quotquot
1207 2039 1612 2126 umquam
1646 2007 2029 2114 fuerunt,
2058 2006 2344 2092 iustis-

209 2150 402 2232 simi
435 2167 1062 2265 recupe‘ramus3
1106 2152 1257 2266 qui
1290 2172 1472 2234 tum
1505 2141 1881 2232 moribus
1933 2167 2115 2232 tum
2160 2177 2346 2231 ver-

209 2283 350 2371 bis
383 2285 674 2374 docuit
704 2290 918 2375 nihil
951 2323 1122 2376 esse
1151 2285 1783 2405 philosophiam
1816 2289 1976 2371 nisi
2004 2287 2342 2399 sapien-

205 2447 388 2512 tem
432 2431 820 2516 virtutem
847 2489 874 2536 ‚
922 2463 964 2515 a
1000 2461 1164 2549 qua
1213 2450 1471 2514 mater
1508 2426 2013 2513 delictorum
2048 2425 2338 2511 stulti-

207 2566 326 2648 tia
374 2565 813 2682 expellitur
839 2633 862 2654 .
930 2564 1241 2683 Accipe
1290 2570 1541 2684 igitur
1587 2565 2059 2654 devotionis
2106 2595 2337 2652 meae

205 2701 400 2790 leve
445 2706 1041 2795 munusculum
1075 2765 1104 2814 ‚
1151 2735 1556 2795 rumcnrs
1629 2734 1949 2795 orrum
1997 2728 2078 2791 et
2111 2705 2339 2788 Mar-

205 2846 290 2928 ci
339 2842 796 2932 hereditate
832 2846 1314 2963 dignissime
1349 2907 1377 2953 ‚
1440 2849 1674 2936 cuius
1708 2851 1857 2934 etsi
1890 2845 2131 2934 civile
2177 2847 2338 2929 im-

209 2985 556 3096 perium
599 3006 836 3072 tenes
884 2984 1349 3072 adstrictius
1380 3043 1409 3092 ‚
1456 2990 1791 3074 virtutes
1856 3009 2137 3072 tamen
2181 3014 2343 3069 co-

205 3124 532 3232 piosius
601 3125 1038 3212 aemularis
1068 3193 1090 3212 .
1128 3123 1240 3213 ·N
1246 3155 1380 3208 am
1449 3157 1548 3211 ex
1607 3157 1782 3242 quo
1851 3102 2345 3209 meritorum

211 3290 726 3378 magnorum
773 3266 1009 3350 nixus
1053 3262 1478 3350 fulcimine
1502 3265 1636 3377 ·ad
1665 3259 2153 3381 pontificalis
2188 3259 2347 3342 ho-

213 3404 448 3488 noris
479 3402 810 3490 culmen
859 3381 1358 3491 adscendisti
1392 3461 1420 3507 ,
1455 3434 1721 3490 unum
1748 3383 1931 3488 'hoc
1964 3400 2160 3486 Tibi
2194 3431 2343 3484 ne-

209 3543 534 3658 gotium
605 3539 770 3626 suit
867 3544 1113 3628 vitam
1174 3543 1491 3657 perpeti
1571 3539 2135 3628 sollicitudine
2184 3569 2339 3655 pro

159 3759 178 3782 ,
207 3679 596 3764 omnium
641 3679 900 3765 salute
976 3659 1424 3798 transigere
1463 3745 1486 3766 .
1550 3684 1773 3793 Quis
1854 3678 2084 3764 illam
2165 3711 2343 3765 non

205 3840 432 3907 amat
461 3815 1058 3904 admissionum
1103 3818 1580 3905 facilitatem
1610 3880 1639 3926 ‚
1711 3823 1807 3905 in
1843 3819 2156 3936 quibus
2191 3849 2341 3902 au-

209 3955 568 4044 ditionis
611 3979 800 4044 tuae
841 3945 1160 4073 patiens
1222 3959 1594 4076 dignatio
1643 3961 1977 4074 copiam
2028 3959 2339 4072 cuique

209 4097 554 4187 dicendi
587 4099 849 4186 libere
881 4101 1174 4186 tribuit
1195 4101 1244 4186 ?
1291 4095 1805 4210 Quotidiana
1832 4130 2033 4186 vero
2068 4097 2339 4182 bene-

207 4235 438 4346 ficia,
503 4235 1030 4345 liberalitates
1060 4241 1534 4328 innumeras
1578 4297 1608 4346 ‚
1682 4261 2097 4356 tuumque
2145 4271 2337 4356 per-

1954 4380 1977 4437 ι·
