3384 5134
1087 452 1239 547 244
1669 478 1816 527 κιη
1897 448 2609 528 οιιΑτιοκηυέ

1077 575 1366 649 verdum
1425 572 1932 671 trigeminandi
1958 631 1983 669 .,
2040 598 2587 675 nonnumquam
2620 566 3121 672 quadruplicia
3150 582 3181 617 ²
3204 622 3225 658 ,

1059 720 1288 795 saepe
1351 694 1730 794 quinquies
1794 707 1918 765 aut
1962 717 2051 767 eo
2088 689 2400 793 amplius
2449 687 2807 791 superlata
2866 686 3179 789 ponendi
3204 720 3223 757 ε

1077 820 1182 888 ne'
1213 815 1476 887 frustra
1523 838 1701 887 neue
1738 826 2005 886 temere
2053 812 2447 887 uerborum
2500 827 2727 885 strues
2762 822 3177 883 acernentur
3198 862 3220 901 ,

1075 934 1206 1007 sed
1242 947 1326 1007 ut
1361 946 1562 1007 certo
1601 956 1686 1005 ac
1746 928 2023 1006 sollerti
2063 932 2369 1005 termino
2408 933 2743 1006 uniantur
2800 986 2820 1001 .
2874 929 3057 1003 Post
3094 930 3221 1001 ista

1073 1050 1325 1125 omnia
1376 1050 1795 1149 inuestigata
1824 1106 1848 1145 ,
1910 1052 2307 1149 geminata,
2350 1050 2689 1125 distincta
2710 1104 2732 1139 ‚
2790 1049 2985 1123 finita
3023 1104 3047 1142 ‚
3106 1072 3225 1119 co-

1079 1169 1324 1267 gnitat,
1385 1168 1779 1243 uerborum
1836 1169 2167 1242 omnium
2210 1224 2233 1263 .,
2298 1183 2384 1243 ut
2434 1169 2535 1241 ita
2568 1168 2926 1262 dixerim,
2966 1167 3057 1241 de
3086 1192 3219 1266 po-

1072 1286 1256 1392 pulo
1275 1346 1298 1386 .,
1339 1292 1530 1365 sicut
1550 1292 1624 1363 in
1665 1288 1860 1364 bello
1888 1292 2011 1366 ubi
2038 1314 2221 1393 opus
2245 1292 2339 1365 sit
2372 1289 2730 1391 legionem
2756 1290 3219 1381 conscribere,

1073 1434 1225 1481 non
1265 1424 1546 1485 tantum
1585 1406 2031 1485 uoluntarios
2068 1410 2375 1508 legimus
2402 1462 2425 1503 .,
2474 1408 2601 1483 sed
2636 1411 2855 1485 etiam
2888 1400 3221 1483 latentisb

1070 1529 1370 1603 militari
1407 1543 1632 1605 aetate
1667 1532 2209 1633 conquirimu33
2251 1534 2347 1605 ita
2373 1525 2415 1566 *
2452 1530 2579 1604 ubi
2598 1530 2992 1608 uerborum
3028 1554 3221 1628 prae-

1073 1648 1278 1723 sidiis
1319 1676 1506 1753 opus
1556 1655 1652 1727 sit
1685 1710 1709 1747 .,
1752 1680 1899 1725 non
1938 1652 2363 1727 uoluntariis
2412 1666 2694 1726 tantum
2734 1698 2759 1747 ‚
2806 1672 2987 1752 quae
3042 1647 3217 1721 ultro

1071 1769 1542 1867 obuenerint‚
1575 1789 1863 1849 utemur
1887 1830 1907 1869 ‚
1942 1774 2070 1847 sed
2102 1771 2393 1847 latentia
2426 1772 2791 1848 eliciemus
2820 1830 2841 1867 .,
2886 1786 3101 1871 atque
3134 1766 3217 1839 ad

1071 1891 1579 1991 imperandum
1604 1893 2149 1993 “indagabimus
2170 1953 2186 1968 .
2218 1898 2359 1970 Hic
2383 1894 2565 1969 illud
2586 1894 2834 1988 etiam,
2862 1914 2943 1966 ιιι
2962 1917 3091 1989 ego
3120 1914 3219 1961 ar-

1067 2010 1306 2085 bitror
1333 2070 1354 2109 ,
1397 2014 1571 2089 scite
1602 2042 1639 2087 a
1675 2015 1891 2091 nobis
1932 2032 2377 2091 conuentum
2406 2028 2425 2064 ¹
2452 2067 2474 2111 .‚
2518 2015 2781 2116 quibus
2830 2011 3219 2089 rationibus

1064 2131 1282 2205 uerba
1319 2150 1751 2233 quaerantur
1784 2188 1807 2233 ‚
1858 2152 1941 2210 ut
1994 2162 2142 2210 non
2196 2138 2473 2211 hiantes
2518 2136 3047 2234 oscitantesque
3106 2159 3218 2205 ex·

1065 2268 1441 2353 pectemus
1477 2311 1501 2350 ,
1551 2254 1841 2358 quando
1892 2259 2201 2332 uer-bum
2254 2259 2444 2335 ultro
2500 2259 2581 2330 in
2635 2256 2955 2353 linguam
3024 2248 3213 2354 quasi

1065 2372 1466 2473 palladium
1503 2374 1596 2450 de
1647 2376 1845 2452 eaelo
1890 2379 2237 2480 depluat3
2294 2380 2425 2453 sed
2474 2394 2557 2452 ιιι
2605 2377 2918 2474 regiones
2960 2372 3213 2447 uerbo-

1062 2518 1226 2567 rum
1260 2511 1334 2568 et
1368 2494 1586 2572 saltus
1621 2500 2036 2575 nouerimus
2068 2551 2097 2593 q
2134 2516 2215 2575 ut
2252 2500 2376 2574 ubi
2424 2497 2759 2600 quaesitis
2792 2520 2979 2593 opus
3020 2490 3113 2565 sit
3134 2479 3169 2535 ἃ
3192 2542 3211 2577 ‚

1062 2635 1194 2711 per
1247 2616 1439 2687 uiam
1500 2620 1745 2718 potius
1784 2620 1878 2691 ad
1931 2621 2476 2719 uestigandum.‚
2536 2642 2755 2719 quam
2791 2615 2997 2686 inuio
3050 2634 3213 2712 pro·

1065 2732 1504 2827 grediamur.
1549 2738 1763 2812 Certa
1790 2736 2005 2836 igitur
2050 2736 2221 2814 loca
2270 2756 2436 2815 sunt
2476 2766 2517 2813 a
2554 2737 2805 2811 uobis.
2836 2790 2853 2804 .
2886 2790 2905 2805 .
2946 2734 3037 2805 In
3080 2728 3213 2831 pri·

1065 2852 1210 2923 mis
1272 2856 1543 2931 oratori
1589 2857 1991 2933 cauendum
2022 2916 2043 2951 ‚
2108 2842 2404 2963 nequod
2455 2884 2731 2935 nouum
2780 2853 3091 2929 uerbum
3148 2861 3211 2921 ut

1067 2994 1186 3043 aes
1219 2972 1707 3051 adulterinum
1745 2981 2110 3081 percutiat
2149 3035 2172 3074 .,
2240 2996 2324 3053 ut
2371 3005 2595 3054 unum
2634 2990 2706 3049 et
2738 2974 2815 3047 id
2855 2986 2885 3021 θ
2926 2971 3209 3049 uerbum

1063 3105 1422 3168 uetustate
1473 3114 1819 3173 noscatur
1868 3114 1940 3175 et
2008 3101 2329 3174 nouitate
2368 3100 2675 3174 delectet
2727 3152 2747 3171 .
2803 3152 2822 3169 .
2879 3151 2900 3169 .
2944 3088 3209 3169 castella

1065 3210 1461 3291 uerborum
1504 3276 1522 3291 .
1560 3276 1579 3292 .
1619 3275 1638 3293 .
1675 3218 2159 3297 conciliabula
2186 3223 2575 3297 uerborum
2605 3278 2622 3293 .
2648 3276 2666 3292 .
2690 3274 2709 3291 .

1067 3354 3209 3393 -—-—-—-..----.-.-.-----..---------—---·

1244 3443 1276 3473 ¹⁵
1323 3444 1424 3509 M.
1473 3444 1556 3510 In
1611 3447 1835 3513 uerbis
1879 3470 2017 3519 non
2063 3446 2263 3515 obuia
2288 3492 2311 3529 ,
2356 3447 2473 3516 sed
2524 3448 2727 3515 etiam
2773 3443 3051 3513 latentia
3092 3440 3205 3511 eli-

1065 3528 1296 3597 cienda
1333 3552 1492 3601 sunt
1535 3551 1603 3603 et
1637 3537 2005 3630 indaganda
2046 3588 2063 3605 .
2400 3536 2407 3547 ’

1135 3766 1174 3805 a.
1208 3746 1331 3795 Cod.
1375 3744 1639 3799 aideb-tur
1674 3766 1805 3819 quae
1846 3746 2073 3825 duplici.
2145 3746 2175 3798 b
2210 3749 2271 3798 In
2306 3750 2523 3823 margine
2566 3746 2777 3798 lateam
2802 3788 2813 3799 .
2884 3768 2913 3799 e
2948 3752 3102 3801 Prisce
3140 3750 3203 3799 lo-

1067 3820 1240 3887 quitur
1297 3818 1482 3875 Fronto
1521 3854 1533 3865 .
1605 3818 1684 3868 cf.
1722 3821 1877 3869 Clcer.
1922 3818 1985 3869 nd
2030 3818 2147 3876 fam.
2186 3832 2333 3873 vnn.
2390 3824 2470 3872 as.
2539 3820 2579 3871 d
2614 3820 2829 3873 Sebeda
2888 3821 3001 3873 heic
3037 3822 3203 3874 addunt

1065 3901 1160 3940 ιιι.
1229 3908 1257 3939 e
1289 3891 1422 3940 Num
1456 3904 1548 3955 pro
1582 3890 1755 3941 idun?
2584 3886 2593 3893 ’

1155 4082 1177 4117 ι
1230 4060 1483 4121 Videtur
1500 4064 1719 4125 Fronto
1741 4082 1884 4140 prae
1916 4058 2099 4127 oculis
2182 4074 2303 4121 tum
2325 4062 2465 4123 item
2496 4065 2571 4125 de
2604 4066 2917 4125 uerborum
2952 4068 3195 4137 delectu,

1061 4142 1282 4205 habere
1321 4164 1482 4201 suam
1531 4146 1839 4221 epistulam
1876 4146 1952 4203 ad
1993 4148 2090 4201 .Μ.
2178 4148 2333 4222 quod
2370 4161 2455 4205 est
2496 4150 2553 4205 in
2604 4170 2729 4210 mea
2768 4152 3025 4215 editione
3042 4150 3195 4235 paulo

1061 4230 1226 4289 Caes.
1260 4228 1408 4292 1111.
1440 4228 1509 4300 3,
1543 4240 1602 4293 et
1631 4228 2100 4313 illudftagmeu'-
2179 4242 2311 4293 ante
2334 4233 2607 4315 epistulas
2628 4236 2707 4297 ad
2740 4240 2806 4295 L.
2832 4236 3051 4299 Verum
3073 4235 3192 4316 imp.
