3384 5134
923 516 934 533 κ
973 496 1018 549 ι
1049 498 1076 547 1
1101 501 1140 549 a
1165 500 1208 549 n
1237 500 1282 550 n
1353 496 1419 549 ιι
1481 496 1488 505 ·
2112 476 2213 549 3ο
2232 500 2257 549 1

124 594 647 672 consuetudine
679 610 754 669 et
787 594 1220 693 benignitate
1241 652 1266 691 .,
1323 593 1524 697 quod
1573 594 1973 671 Fabianum
2007 602 2027 644 ¹
2064 622 2274 699 spec-

125 731 365 791 tatum
405 719 481 789 in
535 716 824 791 iudiciis
862 715 1238 806 ciuilibus,
1291 716 1731 817 frequentem
1775 718 1851 787 in
1886 718 2129 791 sorum
2165 734 2195 768 ⁸
2242 775 2268 815 ‚

119 865 380 913 meum
409 839 860 935 familiarem,
893 838 993 911 ita
1024 851 1292 912 tutatus
1315 864 1390 912 es
1411 894 1433 932 .,
1458 852 1540 911 ut
1568 837 1636 909 ei
1666 838 2275 913 existimationem

114 960 576 1035 incolumem
634 984 1086 1035 conseruares
1117 1014 1136 1030 .
1192 960 1467 1035 Meritis
1502 958 1634 1032 tibi
1681 984 1933 1059 parem
1969 950 2273 1059 gratiam

117 1081 580 1155 referundam
618 1080 695 1154 di
730 1080 1186 1155 immortales
1215 1104 1486 1180 prospe
1513 1071 1550 1129 ¹³
1588 1132 1604 1150 .
1643 1134 1662 1151 .
1705 1135 1723 1150 .
1768 1122 1791 1131 -
2130 1070 2135 1077 ’

655 1334 660 1340 ’
723 1344 802 1397 v.
870 1345 1096 1396 Anno
1151 1344 1536 1418 Auromno
1590 1332 1622 1375 ²
1661 1378 1680 1392 .

332 1552 666 1638 Mum-un
703 1561 1112 1637 amicorum
1143 1616 1164 1633 .
1221 1616 1242 1632 .
1303 1616 1322 1633 .

123 1739 144 1755 .
167 1740 188 1757 .
211 1740 231 1755 .
253 1710 454 1757 eram
483 1740 502 1755 .
535 1684 1086 1757 Demonstratus
1108 1694 1218 1755 est
1251 1680 1432 1755 mihi
1460 1709 1502 1755 a
1525 1693 1556 1730 ⁰
1583 1681 1826 1753 doctis
1853 1695 1926 1754 et
1956 1681 2273 1757 multum

121 1806 316 1878 mihi
369 1806 844 1880 familiaribus
910 1804 1084 1879 uiris
1109 1858 1133 1896 ‚
1187 1826 1502 1903 quorum
1540 1802 1735 1904 apud
1786 1830 1903 1876 me
1940 1803 2273 1877 uoluntas

115 1925 452 2025 ipsorum
489 1927 748 2001 merito
777 1924 969 1998 ualet
994 1921 1394 2024 plurimum
1423 1978 1440 1994 .
1495 1924 1767 2021 Igitur,
1803 1923 1863 1997 si
1889 1948 2005 1997 me
2029 1950 2225 1997 amas
2248 1976 2272 2014 ‚

119 2058 406 2139 tantum
427 2044 830 2119 Uolumnio
847 2038 881 2096 3
903 2044 1142 2119 tribue
1160 2042 1464 2117 honoris
1499 2042 1997 2143 facultatisque
2021 2044 2275 2117 amici-

117 2165 262 2236 tiae
292 2180 450 2238 tuae
485 2163 1078 2265 complectendae
1099 2196 1118 2234 =
1140 2173 1194 2238 οι·
1239 2164 1354 2263 γὰρ
1381 2170 1675 2251 φίλτατοι
1718 2168 1933 2260 ἄνδρες
1971 2160 2273 2236 ⁴conci-

109 2282 474 2358 liauerunt
500 2310 668 2359 eum
705 2285 932 2357 mihi.
975 2285 1202 2381 Igitur
1229 2296 1380 2353 tam
1414 2280 1612 2351 comi
1643 2280 1958 2353 amicitia
1995 2283 2269 2382 accipi-

110 2430 194 2475 as
247 2403 467 2478 uelim
495 2459 520 2499 .,
577 2432 798 2506 quam
829 2405 950 2479 ille
985 2396 1512 2505 Me[noetiadi]
1550 2392 1900 2472 uolebatd
1938 2407 2269 2503 ζωρότερον

113 2530 206 2598 δὲ
249 2526 481 2626 aelpaepe
527 2552 754 2627 quom
793 2525 1234 2625 imperabat.
1350 2608 1360 2621 .

189 2686 228 2717 a
263 2668 339 2717 Ita
382 2670 494 2719 cod.
567 2670 598 2721 b
631 2668 942 2721 Deoida-ntur
975 2672 1026 2719 in
1067 2666 1236 2717 codice
1277 2662 1476 2725 folium,
1515 2682 1598 2717 oen
1635 2666 1840 2735 paginae
1876 2662 2032 2719 duae,
2066 2665 2119 2715 in
2153 2666 2269 2733 qni-

111 2740 218 2789 bna
255 2740 492 2791 nimirum
530 2742 694 2793 extitit
733 2740 840 2791 fini·
863 2737 1014 2790 huius
1039 2738 1273 2806 epistulae
1289 2772 1304 2795 ‚
1339 2752 1388 2787 et
1427 2737 1583 2789 multa
1617 2755 1733 2805 para
1769 2738 1911 2787 etiam
1948 2736 2177 2801 epistulae
2207 2735 2271 2785 ad

114 2811 332 2860 Canium
355 2812 656 2873 Maximum,
688 2830 836 2881 quam
870 2810 1073 2861 exhibui
1107 2812 1156 2861 in
1193 2810 1322 2860 libro
1357 2808 1420 2859 ad
1437 2808 1574 2857 Pium
1603 2824 1859 2875 propterea
1894 2806 2115 2876 quodibi
2140 2824 2271 2875 quo-

113 2901 220 2951 que
253 2884 629 2933 continebatur.
699 2901 730 2933 c
765 2880 886 2933 eod.
925 2881 998 2930 ad
1025 2881 1184 2933 doctis
1205 2918 1220 2931 .
1287 2880 1326 2930 d
1357 2880 1438 2929 Ita
1485 2880 1747 2931 uidebatur
1796 2879 1955 2929 codex
1994 2894 2086 2944 pro
2122 2878 2272 2929 uole-

113 2954 208 3001 bat
250 2954 552 3003 Menoetiada·
573 2988 586 3001 .
624 2952 806 3003 Confer
841 2971 894 3017 p.
918 2966 1034 3019 290.
1075 2971 1124 3003 n.
1159 2970 1203 3003 a.
1232 2952 1318 3011 Bet
1353 2966 1516 3003 autem
1553 2950 1795 3031 quaedam
1838 2947 2130 3019 anaatrophe
2152 2986 2167 3010 ,
2214 2962 2271 3012 ut,

112 3021 258 3091 apud
292 3025 394 3073 Cic·
431 3024 492 3077 de
533 3042 644 3092 rep.
691 3027 736 3076 Ῑ.
780 3025 861 3074 36.
2043 3024 2047 3029 ’

105 3199 114 3206 ·
207 3196 230 3232 ¹
281 3179 554 3236 Mustium
626 3180 946 3238 Fabianum
995 3179 1152 3236 inter
1231 3175 1556 3235 Antoninus
1623 3175 1795 3233 Asiae
1898 3170 2264 3251 cognoscitur

107 3257 345 3316 nobiles
385 3280 420 3316 a
470 3264 682 3322 Seuero
733 3263 874 3341 imp.
929 3260 1151 3319 indicta
1232 3260 1406 3318 fuisse
1499 3256 1812 3334 proconsul
1879 3276 1911 3313 e
1958 3255 2265 3334 praedicto

110 3360 286 3399 causa
319 3344 538 3403 occisos
586 3358 846 3405 numerat
877 3344 1148 3422 Spartia-
1227 3340 1556 3419 Lampridii
1614 3339 1781 3408 loco,
1818 3350 1989 3415 atque
2022 3338 2198 3395 etiam
2230 3356 2267 3395 e

104 3444 222 3481 nus
262 3423 324 3480 in
367 3427 424 3485 S.
451 3448 575 3505 cap.
613 3450 754 3487 nn.
1229 3423 1592 3482 Tertulliano
1642 3424 1719 3480 ad
1753 3424 1920 3497 Scap.
1960 3440 2086 3498 cap.
2124 3420 2265 3479 1111.

197 3526 228 3563 2
280 3507 532 3567 Videtur
583 3508 1000 3587 intelligendus
1044 3506 1148 3563 ille
1230 3508 1400 3563 Nunc
1447 3504 1713 3577 uidemus
1752 3524 1885 3563 eum
1928 3502 2104 3559 fuisse
2138 3502 2271 3559 Ve-

101 3586 320 3645 Arrius
347 3592 710 3660 Antoninus.
754 3612 925 3672 quem
967 3588 1148 3649 Perti-
1229 3589 1416 3647 netiae
1457 3586 1827 3665 praesidem,
1862 3585 1923 3641 in
1962 3606 2077 3661 qua
2126 3584 2267 3643 urbs

101 3690 222 3726 nax
255 3670 444 3732 dictus
485 3688 572 3732 est
604 3676 874 3736 adfectati
913 3671 1146 3751 imperii
1228 3670 1598 3739 Concordia3
1645 3669 1754 3726 nisi
1788 3668 1917 3745 quis
1936 3665 2155 3725 mauult
2190 3667 2265 3727 de

105 3752 273 3829 apud
295 3756 675 3823 Commodum
697 3755 1143 3827 insimulauisse3
1228 3750 1554 3813 Concordia
1631 3752 1943 3829 Hispaniae
2013 3746 2269 3825 cogitare

104 3836 426 3912 capitolin.
497 3840 562 3896 in
617 3844 772 3917 l’ert.
843 3860 966 3915 cap.
1039 3840 1144 3897 111.
1233 3847 1332 3893 aut
1365 3834 1692 3897 Lusitaniae
1727 3846 1825 3891 aut
1850 3837 2179 3903 Nemetum,

105 3936 398 3994 quemque
431 3942 636 3999 reapse
665 3922 1016 3982 Commodus
1045 3942 1154 3980 oc-
1313 3919 1349 3977 3
1397 3918 1664 3995 intellige
1707 3916 2083 3977 Volumnium
2135 3934 2269 3972 con-

107 4000 624 4083 cidit3Lamprid.
664 4005 722 4062 in
753 4010 820 4065 C.
861 4024 984 4083 cap.
1028 4025 1146 4063 vn.
1234 4000 1592 4059 cordiensem
1617 4043 1637 4071 ‚
1702 3998 1775 4055 de
1824 4019 1939 4075 quo
1993 3996 2269 4057 scribitur

101 4080 306 4151 (Alius
323 4085 564 4145 fortasse
598 4087 708 4145 fnit
735 4088 940 4158 Arrius
961 4088 1154 4144 Anto-
1230 4102 1469 4159 sequens
1499 4104 1600 4142 seu
1643 4080 1890 4162 epistula
1939 4101 2041 4140 seu
2075 4080 2271 4151 causit-

101 4164 280 4222 ninus
330 4169 404 4227 de
449 4190 565 4247 quo
603 4170 864 4231 decernit
903 4170 1147 4228 Seuerus
1233 4164 1448 4224 dicatio
1471 4210 1484 4222 .
2068 4170 2077 4177 ‘

101 4266 252 4330 amp.
325 4250 446 4329 dig.
501 4272 720 4317 xxxvz.
781 4272 830 4311 ι.
887 4253 1046 4337 37.)
1089 4253 1148 4311 la
1311 4260 1350 4335 4
1381 4254 1552 4317 lliad.
1608 4272 1654 4315 ι.
1697 4258 1838 4335 204.
1882 4282 1891 4291 ·
