3384 5134
884 461 1429 514 vocanutonun
2087 444 2236 522 351

264 550 695 624 Querimoniam
730 564 789 609 et
830 553 1156 636 querelam.
1198 558 1575 629 Querimonia
1616 569 1810 614 certae
1825 559 1909 616 rei
1929 573 2052 621 est:
2083 581 2223 638 que-

100 648 221 706 rela
256 667 610 724 superuacua
646 661 733 705 est
760 691 775 704 .
810 649 1013 728 ltaque
1045 652 1209 728 prior
1244 653 1549 728 grauitatis
1576 675 1597 720 5
1638 655 1930 733 posterior
1963 654 2220 718 leuitatie

102 759 188 806 est
214 787 227 800 .

261 842 644 920 Transfugam
672 855 737 900 et
756 844 1059 924 perfugam
1084 881 1102 900 0
1140 843 1465 922 Transfuga
1496 867 1627 904 suos
1658 847 1899 925 reliquit
1917 857 2002 923 (a)
2023 893 2042 920 ,
2065 863 2124 909 et
2145 851 2226 912 ad

96 943 242 1002 alios
276 942 438 1000 uenit
472 967 486 998 ε
544 942 791 1022 perfuga
841 944 1089 1022 supplex
1124 957 1209 1004 est
1239 988 1254 1003 .
1294 945 1451 1022 Ergo
1506 943 1804 1024 transfuga
1851 959 1918 1004 ut
1975 949 2228 1028 adiuue-

104 1055 201 1102 tur
233 1043 323 1116 (b)
349 1083 363 1097 .

260 1143 431 1198 Hunc
488 1153 545 1198 et
606 1139 783 1198 istum
824 1151 879 1196 et
916 1137 1086 1197 illum
1123 1153 1179 1198 et
1206 1159 1337 1222 eum
1361 1182 1375 1198 .
1418 1144 1588 1201 Hunc
1622 1153 1680 1198 et
1709 1142 1881 1202 istum
1925 1145 1988 1202 in
2018 1147 2222 1223 proxi-

97 1263 195 1298 mo
238 1251 436 1298 notant
467 1264 480 1296 ε
521 1239 687 1296 illum
722 1239 979 1314 'ostendit
1002 1240 1239 1316 quidem
1272 1240 1449 1318 longe
1478 1255 1726 1301 stantem
1761 1284 1781 1312 ‚
1826 1243 1932 1302 sed
1968 1245 2029 1302 in
2073 1266 2218 1304 con·

95 1352 323 1417 spectu=
349 1360 511 1409 eum,
541 1339 839 1396 absentem
874 1325 1085 1396 refert:

258 1439 525 1498 Glorium
567 1453 625 1496 et
660 1436 975 1514 gloriosum
1024 1451 1081 1496 et
1117 1438 1492 1516 gloriatorem
1536 1481 1551 1496 .
1614 1439 1860 1500 Glorius
1902 1443 2074 1502 unius
2134 1455 2222 1502 est

96 1538 351 1616 gloriae:
396 1537 712 1616 gloriator,
746 1557 863 1596 non
890 1537 1068 1596 habet
1104 1559 1329 1599 causam
1368 1538 1700 1616 gloriandi,
1736 1542 1842 1600 sed
1883 1553 2070 1598 tamen
2094 1542 2219 1618 glo-

94 1643 317 1698 riatur:
357 1639 641 1717 gloriosus
674 1639 946 1718 pluribus
979 1639 1055 1697 de
1088 1640 1273 1698 causis
1302 1660 1421 1698 esse
1456 1642 1689 1718 cogitur
1718 1645 1806 1712 (c)
1827 1681 1842 1696 .

255 1735 653 1812 Abrogantem
691 1749 747 1793 et
784 1737 1163 1812 adrogantem
1200 1778 1215 1793 .
1252 1737 1521 1814 Adrogat
1556 1737 1784 1817 aliquid
1821 1736 1934 1798 sibi
1993 1735 2217 1798 etiamsi

92 1856 214 1894 non
233 1836 474 1893 meruit:
506 1835 777 1910 abrogat,
808 1836 905 1911 qui
942 1835 1039 1892 alii
1076 1835 1264 1892 aufert
1284 1879 1303 1905 ,
1338 1835 1432 1893 uel
1470 1837 1567 1913 qui
1594 1837 1786 1913 legem
1815 1835 2006 1896 tollit.

256 1934 540 1992 Continuo
575 1945 633 1989 et
664 1934 993 1992 continuate
1021 1977 1034 1990 .
1073 1935 1400 2005 Continue,
1438 1935 1665 1994 assidue
1699 1935 1794 2010 (d)
1829 1959 1846 1990 ε
1887 1933 2218 1994 continuate

89 2031 229 2090 sine
245 2031 665 2088 intermissione
684 2074 699 2087 .

336 2129 647 2186 Externum
665 2170 684 2196 ‚
703 2140 762 2184 et
788 2127 1067 2199 alienum,
1096 2142 1152 2187 et
1192 2145 1523 2189 extraneum
1551 2173 1570 2200 ,
1604 2141 1659 2187 et
1688 2130 2002 2188 extrarium
2038 2173 2052 2186 .
2096 2130 2219 2186 Ex·-

89 2239 291 2286 ter-nus
330 2239 415 2283 est
448 2238 669 2284 exterae
702 2231 927 2306 gentis:
973 2230 1192 2288 alienus
1228 2251 1345 2289 non
1389 2232 1520 2290 loco
1541 2275 1561 2301 ,
1605 2233 1712 2288 sed
1747 2251 1809 2286 re
1857 2229 2054 2288 differt
2091 2237 2215 2298 (e)=

85 2337 419 2392 extraneus,
438 2322 534 2400 qui
557 2336 715 2384 extra
740 2326 982 2384 eandem
1010 2327 1243 2386 ianuam
1284 2340 1403 2385 est:
1440 2329 1755 2399 extrarius,
1775 2327 1879 2404 qui
1907 2338 2064 2384 extra
2087 2345 2223 2383 eun-

89 2419 231 2476 dem
268 2437 465 2475 aream
504 2429 585 2474 est
608 2461 624 2477 .

254 2513 541 2572 Lucidum
574 2525 633 2571 et
658 2513 1008 2578 luminosum
1030 2562 1043 2577 .
1066 2517 1357 2576 Lucidum
1388 2530 1476 2578 est
1492 2521 1649 2598 quod
1688 2533 1892 2599 aperto
1916 2519 2078 2580 caelo
2111 2517 2214 2576 lu-

86 2633 225 2674 men
252 2612 464 2692 accipit
485 2613 875 2674 aluminosum
895 2658 913 2686 ,
958 2617 1118 2693 quod
1151 2614 1349 2676 multis
1382 2618 1766 2677 foraminibus
1808 2616 2209 2676 illuminatur.

260 2712 577 2788 Expertum
610 2724 669 2770 et
698 2725 1097 2789 experrectum
1119 2755 1133 2769 .
1176 2715 1459 2791 Expertus
1495 2727 1581 2782 est
1610 2715 1837 2792 aliquid
1858 2757 1879 2787 ,
1907 2714 2212 2774 autinbo-

82 2827 162 2865 na
198 2819 365 2883 parte
384 2820 484 2866 aut
508 2806 567 2894 in
591 2806 775 2881 malas
816 2822 1191 2886 experrectus
1217 2811 1291 2868 de
1314 2831 1515 2870 somno
1534 2852 1549 2866 .

259 2904 584 2964 Delubrum
617 2946 635 2974 ,
672 2917 735 2962 et
774 2905 1079 2972 sacellum,
1112 2921 1169 2966 et
1199 2909 1481 2988 templum
1490 2955 1511 2982 ,
1543 2922 1601 2969 et
1633 2909 1832 2970 lucum
1851 2921 1946 2980 ‚et
1971 2909 2169 2968 fanum
2189 2951 2210 2980 ,

84 3014 146 3058 et
168 3001 433 3059 bidental
455 3042 470 3057 .
504 3002 827 3062 Delubrum
846 3049 865 3074 ‚
884 3007 944 3062 in
962 3017 1079 3084 quo
1112 3007 1379 3066 homines
1396 3008 1657 3087 pericula
1686 3029 1787 3066 sua
1819 3007 2064 3066 deluunt
2083 3008 2214 3080 (ῆς

80 3109 315 3177 ponunt
341 3098 492 3155 enim
518 3099 611 3158 uel
635 3101 823 3179 pilum
840 3113 955 3178 (g),
992 3104 1087 3162 uel
1106 3119 1329 3165 scutum
1350 3151 1367 3176 ‚
1392 3106 1485 3163 uel
1506 3106 1617 3164 alia
1639 3109 1816 3184 plura
1827 3105 1922 3182 (h)
1945 3115 2214 3181 suscepta

84 3195 245 3254 uotis
262 3239 277 3252 .
298 3193 608 3265 Sacellum,
624 3197 941 3274 paruulum
961 3199 1289 3260 aedificIum
1316 3203 1430 3260 diis
1456 3215 1852 3262 consecratum
1872 3225 1886 3255 ε
1907 3199 2212 3276 templum,

82 3294 149 3352 in
184 3293 319 3351 loeo
352 3307 661 3370 augurato:
692 3295 859 3356 lucus
884 3341 902 3368 ‚
925 3298 1091 3360 locus
1116 3301 1360 3359 fulmine
1389 3302 1573 3370 ictus,
1612 3313 1671 3358 et
1697 3301 1971 3360 arborum
2008 3299 2214 3377 spissi-

77 3403 205 3448 tate
243 3402 462 3449 tectus:
504 3391 703 3451 fanum
742 3395 941 3452 Fauno
971 3411 1365 3457 consecratum
1390 3399 1585 3469 3unde
1615 3395 2212 3477 Faunibappellaban-

77 3499 184 3544 tur
214 3488 381 3566 prius
403 3471 475 3546 εἶ’
500 3486 589 3544 illi
629 3489 730 3567 qui
760 3491 1121 3568 uagabantur
1152 3493 1383 3551 fanatici
1409 3517 1422 3547 =
1454 3491 1747 3562 bidental,
1775 3492 1935 3550 locus
1965 3488 2212 3549 fulmine

76 3592 276 3638 tactus
304 3593 361 3639 et
395 3582 653 3660 expiatus
670 3605 811 3655 oue3
846 3585 1114 3644 bidentes
1156 3588 1311 3646 enim
1338 3594 1477 3648 oues
1507 3589 1885 3668 appellantur
1903 3626 1921 3645 .

255 3681 581 3752 Occidere,
620 3696 679 3739 et
716 3669 1039 3743 interficere
1059 3727 1078 3753 ‚
1118 3677 1497 3765 et‘perimere
1520 3732 1541 3760 ‚
1580 3701 1637 3746 et
1666 3686 1974 3765 iugulare,
2009 3697 2068 3743 et
2103 3705 2214 3744 ne·

79 3797 223 3836 care
252 3820 267 3838 .
307 3779 642 3838 Interficere
691 3795 749 3840 et
782 3783 1073 3863 perimere
1111 3786 1303 3864 prisca
1346 3798 1478 3844 sunt
1499 3827 1515 3844 .
1552 3786 1844 3844 Occidere
1871 3783 1946 3842 ob
1977 3783 2216 3846 caedem

130 3993 167 4024 a
204 3973 263 4025 1³.
297 3975 359 4026 G.
393 3973 629 4048 relinquit
653 4014 668 4026 .
737 3973 767 4025 b
804 3976 937 4034 Butt.
970 3993 1099 4030 corr.
1140 3973 1430 4047 stansfitga
1462 3981 1604 4029 uenit
1638 3987 1694 4028 ιιι
1729 3977 1939 4032 adimet
1957 4014 1971 4035 ,
1991 3968 2221 4048 perfuga

48 4055 117 4096 ut
150 4045 424 4096 culineoetur
449 4083 463 4097 .
533 4065 563 4096 c
603 4048 737 4098 Butt.
773 4065 899 4100 corr.
938 4051 1189 4102 extollitur
1224 4067 1317 4118 pro
1369 4067 1471 4100 esse
1516 4068 1575 4100 co
1612 4051 1714 4102 leur
1741 4085 1754 4100 .
1823 4051 1860 4099 d
1897 4052 1946 4099 P.
1987 4049 2042 4098 Β.
2086 4049 2222 4100 ruta.

49 4135 153 4185 pro
195 4117 399 4166 assc'due
424 4116 611 4169 babent
636 4111 853 4184 facimus
876 4156 890 4170 .
957 4139 983 4171 e
1022 4121 1075 4170 P.
1112 4124 1169 4170 B.
1206 4121 1339 4172 Puta.
1376 4121 1515 4171 nullo
1652 4141 1680 4172 ο
1702 4149 1739 4159 -
1804 4121 2034 4198 fflmnt.
2099 4111 2142 4202 f
2164 4117 2222 4174 F·

44 4191 119 4242 G.
158 4189 363 4240 ιίἱλιιιυιε
388 4221 402 4237 .
474 4207 517 4260 g
552 4189 608 4244 F.
652 4191 713 4243 G.
738 4189 931 4262 pileum
952 4229 969 4246 .
1036 4191 1073 4240 A
1106 4193 1165 4250 F.
1198 4193 1262 4247 G.
1294 4195 1529 4250 omittunt
1548 4195 1706 4264 plura
1730 4230 1748 4248 .
