3384 5134
1123 498 1276 569 290
1906 494 1953 545 Α
1982 500 2025 545 n
2108 494 2158 545 Α
2184 500 2240 545 ιιι
2274 498 2299 545 1
2328 499 2365 545 c
2394 498 2439 549 o
2468 500 2503 546 s

1129 598 1553 673 Orationem
1599 590 1819 669 istam
1856 620 1996 695 pro
2049 595 2387 695 Bithynis
2419 609 2439 642 ¹
2498 609 2661 669 ante
2706 622 2979 673 annum
3018 598 3157 671 fere
3188 598 3257 671 in

1119 734 1377 797 manus·
1399 740 1849 818 sumpseram
1869 728 1943 787 et
1958 715 2315 811 corrigere
2342 715 2787 789 institueram
2814 770 2833 787 .
2858 717 3033 791 Tibi
3050 718 3253 789 etiam

1118 840 1399 917 Romae
1435 851 1604 913 tunc
1627 834 1863 940 agenti
1887 834 2219 909 nonnihil
2246 849 2277 884 ²
2302 834 2393 907 de
2414 836 2549 909 ista
2572 838 2892 913 oratione
2912 838 3252 936 promise-

1118 987 1276 1037 ram
1300 1016 1319 1031 .
1352 961 1454 1031 Et
1485 956 1783 1057 quidem
1809 1011 1833 1050 ‚
1874 956 1938 1033 si
1976 970 2171 1031 necte
2216 957 2569 1052 memini,
2605 982 2777 1031 cum
2812 982 3055 1031 sermo
3083 959 3253 1030 inter

1115 1108 1252 1156 nos
1278 1080 1368 1161 de
1389 1077 1903 1179 partitionibus
1930 1080 2347 1161 orationum
2380 1093 2581 1153 ortus
2602 1094 2811 1174 esset,
2838 1078 3163 1153 dixeram
3188 1090 3251 1149 et

991 1220 1000 1235 ‘
1113 1228 1284 1305 prae
1318 1226 1432 1273 me
1452 1196 1777 1273 ,tuleram
1808 1254 1833 1293 .‚
1890 1199 2063 1275 satis
2094 1226 2215 1283 me
2242 1199 2615 1298 diligenter
2646 1202 2721 1273 in
2770 1201 2909 1274 ista
2946 1201 3249 1273 oratione

1113 1322 1608 1399 coniecturam
1625 1312 1689 1416 Ι),
1722 1320 2003 1420 quaein
2040 1321 2341 1403 crimine
2364 1321 2741 1395 mandatae
2770 1320 3011 1395 caedis
3040 1334 3247 1393 uerte-

1111 1459 1330 1535 retur,
1361 1438 1693 1514 diuisisse'
1718 1444 2147 1538 argumentis
2168 1466 2259 1516 ac
2292 1441 2627 1521 refutasse
2652 1496 2673 1513 .
2696 1444 2982 1523 Interea
3010 1466 3245 1515 neruo·

1108 1590 1274 1639 rum
1310 1561 1531 1645 dolor
1569 1562 1787 1637 solito
1816 1564 2313 1649 uehementior
2346 1588 2464 1648 me
2515 1564 2778 1647 inuasit
2801 1620 2826 1659 .‚
2884 1580 2961 1637 et
2992 1564 3241 1636 diutius

1015 1772 1026 1783 .
1109 1712 1194 1761 ac
1247 1682 1624 1769 molestius
1664 1684 1886 1759 solito
1920 1701 2327 1769 remoratus
2376 1697 2491 1758 est
2516 1742 2535 1757 .
2590 1686 2745 1759 Nec
2798 1710 3101 1796 possum
3130 1707 3242 1779 ego

1109 1804 1462 1889 membris
1511 1805 2001 1880 cruciantibus
2042 1832 2339 1907 operam
2382 1806 2602 1879 ullam
2637 1803 2903 1889 litteris
2940 1804 3243 1879 scriben-

1113 1928 1224 2003 dis
1285 1926 1690 2027 legendisue
1750 1927 2169 2030 impendere
2198 1962 2221 2024 .·,
2276 1954 2411 2007 nec
2464 1956 2817 2029 umquam
2852 1929 3043 2011 istuc
3070 1953 3109 1999 a
3144 1946 3245 1993 me

1105 2047 1476 2146 postulare
1517 2073 1725 2121 ausus
1762 2074 1925 2121 sum
1953 2103 1975 2132 2
2030 2047 2499 2150 Philosophis
2520 2050 2744 2121 etiam
2787 2044 3104 2129 mirificis
3126 2042 3245 2115 ho-

1105 2167 1422 2239 minibus
1455 2164 1863 2241 dicentibus
1892 2223 1916 2262 .,
1973 2168 2367 2266 sapientem
2410 2168 2653 2240 uirum
2706 2166 2929 2239 etiam
2961 2165 3035 2237 in
3068 2160 3239 2233 Pha·

1105 2284 1354 2367 laridis.
1381 2298 1590 2361 tauro
1618 2287 1979 2361 inclusum
2000 2342 2022 2379 ‚
2060 2287 2353 2374 beatum
2383 2284 2855 2369 nihilominus
2880 2286 3075 2367 fore²
3094 2336 3117 2371 ‚
3154 2282 3243 2349 sa·

1109 2404 1318 2478 cilius
1355 2396 1789 2491 crediderim
1821 2407 2114 2493 beatum
2144 2434 2312 2491 eum
2354 2406 2552 2502 fore,
2609 2428 2829 2505 quam
2860 2426 3075 2501 posse
3108 2412 3242 2471 tan·

1110 2524 1332 2623 tisper
1363 2527 1771 2611 amburenti
1804 2529 1879 2601 in
1912 2528 2141 2602 aheno
2175 2528 2685 2627 prohoemium
2722 2520 3057 2595 meditari
3082 2574 3104 2610 ,
3136 2526 3239 2587 aut

1107 2642 1622 2742 epigrammata
1641 2660 1672 2697 ‘²
1698 2674 1773 2727 sc
1782 2648 2015 2721 rihere
2033 2703 2051 2718 .
2072 2646 2563 2730 Reconciliata
2580 2642 2833 2746 deinde
2854 2640 3037 2723 mihi
3052 2638 3239 2730 longo

1103 2777 1276 2859 post
1301 2778 1632 2866 tempore
1657 2766 2050 2849 commoda
2077 2764 2503 2860 ualetudine,
2522 2764 2698 2837 alias
2718 2760 2827 2858 egi
2854 2786 2966 2831 res
2992 2754 3233 2857 potius=

1103 2878 1438 2959 aduersus
1469 2882 1687 2967 istam
1720 2884 2121 2969 orationem
2154 2884 2457 2965 alienato
2489 2886 2733 2967 animo
2764 2879 2919 2973 fui3
2978 2901 3103 2951 nec
3124 2900 3241 2972 pu·-

1101 2996 1304 3072 debit
1337 3026 1456 3077 me
1494 3002 1705 3077 fateri
1740 3003 1993 3079 odium
2038 3028 2124 3077 ac
2162 3003 2611 3077 simultatem
2648 3060 2667 3076 .
2706 3058 2725 3076 .
2764 3059 2783 3075 .
2806 2994 2846 3051 d
2878 2998 3095 3075 Redit
3120 2994 3239 3089 igi-

1101 3130 1218 3191 tur
1237 3136 1410 3220 post
1431 3123 1815 3223 repudium
1850 3126 2336 3197 renuntiatum
2370 3125 2602 3198 oratio
2632 3123 2947 3197 domum
2986 3138 3237 3199 meam,

1099 3252 1172 3311 et
1209 3266 1502 3315 mecum
1545 3244 1780 3319 denuo
1818 3243 2236 3317 mansitauit
2269 3296 2291 3315 .
2322 3298 2341 3315 .
2374 3297 2395 3315 .
2434 3238 2753 3317 anucella
2785 3235 2828 3276 *
2870 3296 2892 3313 .
2932 3294 2955 3313 .

1101 3374 3236 3418 w

1272 3470 1303 3499 ⁴*
1353 3473 1453 3537 M.
1505 3466 1612 3535 Ab
1657 3494 1789 3535 anu
1824 3468 2131 3539 anucella
2166 3492 2200 3564 9
2238 3520 2259 3539 .

1165 3706 1202 3735 a
1238 3685 1359 3735 Cod.
1399 3686 1630 3739 nonnihil
1653 3688 1856 3755 agent&
1924 3688 1955 3740 b
1992 3688 2111 3749 Cod.
2140 3692 2471 3741 coiecta-am.
2542 3702 2571 3733 c
2608 3686 2741 3735 Num
2776 3698 2847 3735 est
2878 3682 3113 3733 mundum
3152 3699 3232 3730 eo-

1097 3760 1216 3812 dicis
1261 3776 1354 3823 pro
1387 3758 1767 3827 ῳὶςῆἱνσηιαεα,
1810 3762 2045 3825 quonjam
2098 3758 2161 3811 de
2202 3759 2509 3813 orationibus
2543 3772 2700 3807 sermo
2760 3762 2873 3804 est?
2936 3754 2995 3803 N.
3033 3756 3231 3803 Ceterum

1095 3829 1356 3878 Frontonis
1417 3830 1672 3878 cuiusdam
1732 3822 2075 3898 epigrammata
2139 3829 2239 3879 duo
2284 3844 2399 3878 sunt
2446 3830 2499 3877 in
2556 3824 2831 3895 anthologia
2874 3842 2954 3895 gr.
3002 3822 3029 3887 (
3066 3824 3227 3889 Lipsiae

1097 3898 1460 3967 mncccxnn)
1503 3914 1601 3949 111.
1647 3914 1760 3967 174.
1802 3902 1916 3949 233.
1989 3902 2027 3949 d
2064 3902 2279 3967 Sequens
2309 3901 2448 3947 unic·
2488 3898 2668 3965 legitur
2703 3900 2935 3946 sententia
2968 3898 3017 3945 in
3048 3894 3129 3942 alia
3152 3912 3230 3959 pa-

1094 3970 1208 4035 gina
1255 3969 1532 4019 oblitterata
1554 4007 1566 4020 .
1637 3988 1663 4020 e
1708 3974 1778 4021 {ta
1814 3988 1907 4037 pro
1942 3970 2183 4031 aniada3
2212 3972 2353 4023 sicud
2384 3968 2449 4020 ad
2492 3968 2581 4017 M.
2616 3970 2751 4019 cm.
2778 3966 2911 4018 1111.
2948 3968 2981 4014 6
3012 3980 3082 4015 ent
3116 3964 3229 4013 naria

1095 4038 1244 4087 lectio
1281 4039 1570 4090 mater-cella
1609 4058 1701 4109 pro
1738 4041 2013 4093 matercula
2035 4076 2049 4102 ·.

1185 4154 1202 4191 ι
1256 4138 1422 4195 Aliae
1455 4152 1588 4197 sunt
1623 4114 1824 4199 causae
1856 4142 2133 4218 bithynae
2216 4142 2345 4199 nius
2401 4160 2491 4217 ep.
2530 4140 2663 4209 ΠΗ,
2704 4158 2757 4213 9.
2796 4136 2901 4195 Vl.
2958 4136 3045 4194 13.

1091 4215 1152 4286 in
1172 4220 1379 4291 quibus
1397 4223 1762 4298 perot-auisse
1786 4228 2139 4283 Frontonem
2307 4244 2339 4282 α
2386 4223 2598 4279 Confer
2646 4223 2769 4280 Cic.
2808 4220 2867 4274 in
2914 4218 3021 4277 Pis.
3080 4234 3223 4273 xvm

1093 4300 1239 4389 (sed
1271 4318 1470 4365 nostro
1511 4304 1797 4365 teniorem
1830 4318 1855 4383 )
1902 4310 1981 4368 ait
2018 4309 2147 4369 Pli-
2228 4320 2285 4367 et
2323 4305 2507 4379 alibi;
2538 4308 2797 4366 Laetam.
2838 4300 2968 4367 inst.
3000 4302 3101 4359 111.
3138 4318 3217 4375 25·
