3384 5134
803 588 948 706 ·Μ·
1008 622 1666 741 FRoNTOle
1980 600 1989 611 “
2055 622 2059 625 ·
2152 520 2303 597 ¹⁹⁹
2378 564 2391 583 ⁰

631 901 778 1005 DE*
819 930 1142 1005 BELLo
1198 930 1747 1009 PARTHICO¹
1794 984 1817 1003 .
1879 964 1893 989 x

324 1397 343 1413 .
366 1395 385 1412 .
406 1393 425 1412 .
451 1394 470 1411 .
492 1344 703 1417 Mars
725 1347 1027 1416 tametsi
1057 1344 1297 1441 genuit
1317 1359 1594 1443 gentem
1619 1372 1997 1422 romanam
2020 1402 2040 1439 ,
2080 1374 2319 1450 aequo·

149 1464 409 1541 animo
445 1461 720 1563 patitur
751 1462 990 1537 fatisci
1025 1490 1158 1537 nos
1185 1464 1551 1542 interdum
1609 1482 1679 1541 et
1726 1466 1895 1568 pelli
1928 1483 2003 1543 et
2054 1468 2310 1552 uolne-
2408 1561 2411 1564 ι

149 1584 358 1658 rari.
412 1581 527 1653 An
580 1595 954 1657 cunctetur
983 1580 1074 1655 de
1131 1582 1486 1659 militibus
1539 1587 1804 1663 nostris
1862 1589 2053 1662 Mars
2112 1602 2317 1689 pater

149 1702 284 1777 illa
318 1702 558 1777 dicere
580 1694 624 1775 ’ἒ

267 1830 435 1928 Ego
461 1852 630 1901 cum
662 1826 918 1935 genui,
973 1838 1132 1901 tum
1156 1827 1554 1901 morituros
1593 1827 1819 1923 sciui,
1852 1842 1923 1901 et
1958 1828 2024 1901 ei
2062 1826 2167 1899 rei
2197 1850 2319 1900 su-

481 1946 696 2021 stuli.

273 2066 638 2142 Praeterea
688 2090 859 2138 cum
909 2063 986 2138 in
1027 2078 1062 2113 ²
1089 2076 1437 2139 terrarum
1470 2064 1727 2141 orbem
1778 2066 1945 2141 misi
1974 2056 2015 2117 ¹³
2044 2064 2141 2139 ob
2178 2064 2314 2139 de·

481 2185 914 2261 fendendum
936 2187 1321 2286 imperium
1335 2241 1357 2276 ,
1680 2254 1688 2263 .

273 2304 568 2379 Scibam
615 2330 734 2378 me
778 2305 856 2376 in
883 2305 1257 2380 mortifera
1308 2302 1496 2381 bella
1533 2330 1682 2378 non
1716 2302 1795 2379 in
1839 2303 2081 2406 epulas
2130 2302 2315 2377 mit-

479 2426 626 2499 t‘ere
655 2437 688 2475 ²
716 2478 734 2493 ·

159 2548 368 2622 Hae‘c
417 2546 630 2621 uerba
663 2544 986 2621 Telamo·
1008 2545 1288 2621 troiano
1341 2543 1535 2639 bello
1587 2542 1680 2617 de
1718 2546 1861 2619 suis
1911 2544 2153 2619 liberis
2194 2568 2315 2617 se-

159 2668 316 2743 mel
365 2666 688 2743 elocutus
743 2682 850 2740 est
878 2722 896 2739 .
953 2670 1142 2741 Mars
1176 2667 1265 2741 de
1299 2666 1646 2742 Romanis
1685 2694 1891 2769 saepe
1930 2664 2325 2764 multisque.

163 2792 246 2863 iu
289 2788 496 2865 bellis
535 2792 676 2865 hoc
724 2791 1052 2881 carmine
1091 2816 1258 2865 usus
1303 2805 1462 2884 este,
1519 2788 1782 2888 gallico
1812 2784 1855 2825 *
1893 2787 2086 2864 bello
2117 2788 2317 2890 apud

161 2906 440 2985 Alliam
465 2964 488 3003 .,
545 2910 926 2983 samnitico
974 2907 1171 3010 apud
1221 2908 1578 2984 Gaudium
1614 2964 1637 3004 .,
1678 2910 1948 3009 punico
1988 2908 2084 2983 ad
2114 2910 2315 2983 Can-

95 3030 296 3103 'nas
331 3086 356 3125 .‚
411 3030 778 3133 hispanico
832 3030 1028 3132 apud
1071 3030 1544 3107 Numantiam
1568 3086 1591 3123 .,
1647 3028 2059 3129 iugurthino
2118 3028 2315 3129 apud.

167 3148 448 3224 Cirtam
475 3208 498 3248 ‚
553 3152 885 3252 parthico
928 3152 1021 3225 ad
1048 3150 1350 3225 Carrhas
1375 3182 1396 3221 =
1451 3146 1574 3223 sed
1613 3174 1895 3250 semper
1925 3162 1999 3221 et
2046 3147 2315 3247 ubique

163 3294 540 3347 aerumnas
610 3272 852 3347 adoris
886 3284 918 3321 ⁰
954 3329 979 3370 ,
1047 3288 1490 3374 terroresque
1559 3285 1885 3345 nostros.
1922 3264 2315 3367 triumphis
2410 3304 2419 3315 ·

347 3500 382 3531 ⁴⁵
428 3502 526 3566 M.
556 3492 839 3587 'Quibus
872 3500 1068 3570 bellis
1103 3480 1384 3571 Romani
1419 3498 1665 3569 malam
1722 3520 2018 3592 pugnam
2060 3521 2321 3590 pugna-

163 3591 391 3657 uerint
429 3640 446 3657 .

200 3829 242 3863 ο
279 3808 522 3869 ῦοάαό.
590 3808 622 3865 b
657 3810 1262 3881 Commium-edwium
1289 3809 1755 3864 uidebaturdeletn.
1814 3810 2052 3879 clnpro
2080 3809 2315 3885 σάφ’-ὥ.

263 3960 286 3997 ι
336 3942 460 3998 Hoc
509 3938 846 4016 opusculum
896 3938 1019 3996 siue
1073 3937 1201 4015 ⁰1³5-
1281 3935 1498 3993 uidesis
1563 3936 1807 3995 Dionem
1884 3934 2091 3993 Lxxl.
2144 3956 2202 4005 a,
2254 3946 2315 3993 et

169 4020 386 4082 stulam
411 4022 640 4101 scripsit
658 4020 1204 4080 Frontoarl·M·Au-
1281 4016 1676 4099 Capitolinum
1712 4019 1773 4075 in
1804 4018 1963 4077 Vero
2000 4036 2123 4095 cap.
2151 4016 2259 4077 Vl.

167 4104 380 4162 retium
409 4118 542 4181 post
577 4104 802 4162 cladem
821 4126 990 4181 quam
1011 4108 1198 4163 aPar-
1361 4122 1392 4160 2
1441 4102 1522 4161 Ex
1558 4100 1729 4158 Ennii
1759 4099 2068 4158 Telamone
2101 4108 2231 4157 sunt
2245 4094 2318 4156 hi

169 4186 291 4245 thio
341 4187 493 4263 passi
545 4200 703 4244 erant
754 4188 996 4247 Romani
1067 4198 1200 4244 ante
1282 4204 1524 4253 uersus,
1575 4204 1703 4241 cum
1764 4182 1967 4261 paucis
2010 4180 2315 4241 uarietati-

167 4272 239 4331 1..
277 4268 424 4331 Veri
487 4271 948 4351 expeditionem.
999 4270 1088 4329 De
1135 4290 1202 4327 re
1279 4268 1390 4329 buu
1422 4308 1438 4325 .
1469 4266 1557 4328 Cf.
1613 4266 1738 4329 Cic.
1777 4278 1922 4327 tuse.
1972 4264 2079 4326 ΙΙΙ.
2138 4264 2230 4326 13.
