3384 5134
1147 412 1285 483 180
1929 428 1971 477 Α
1996 431 2039 476 n
2123 430 2167 475 u
2194 432 2235 476 r:
2266 430 2303 475 n
2336 428 2379 473 u
2408 426 2463 469 m
3363 466 3364 487 χ

1134 551 1372 599 nonne
1433 526 1755 600 oratione
1814 523 2233 597 huiusmodi
2287 520 2721 619 explicarent
2756 510 2798 591 ’.Ρ
2848 518 2950 589 Et
3000 513 3297 587 dedere
3362 556 3364 619 j

1133 668 1311 717 num
1341 698 1358 713 .
1391 698 1410 713 .
1438 636 1717 714 minore
1743 696 1759 712 .
1799 697 1818 714 .
1846 640 2038 715 bello
2079 642 2151 713 in
2178 695 2195 711 .
2238 695 2255 710 .
2284 640 2374 713 de
2420 666 2492 711 re
2533 693 2552 708 .
2593 692 2612 708 .
2650 660 2948 736 operam
2972 650 3301 733 gestan-
3332 686 3339 689 -

1137 760 1805 835 tes..scribtae..
1884 796 1949 833 .·
2848 774 2855 779 ’

1339 879 1726 952 Summum
1762 878 2199 979 eloquentiae
2248 901 2459 974 genus
2518 888 2624 948 est
2675 876 2766 949 de
2826 874 3297 949 sublimibus

1129 999 1552 1099 magnifice,
1611 1001 1701 1073 de
1726 1000 2162 1073 tenuioribus
2200 997 2558 1095 frugaliter
2600 996 2839 1070 dicere
2864 1012 2941 1049 ⁸¹
2992 1054 3017 1070 .
3084 1054 3105 1071 .
3174 1026 3219 1072 .·
3262 1056 3293 1071 -

655 1265 1024 1322 nnsmgm.
1281 1240 1600 1313 Deorum
1634 1239 1853 1311 etiam
1884 1238 2151 1338 partim
2183 1236 2586 1337 eloquentes
2636 1266 2711 1313 se
2743 1267 2957 1341 quam
2996 1245 3287 1318 tacitos

653 1338 740 1455 gg
757 1340 1036 1463 ὗῖξῖἕᾶζ
1135 1357 1280 1434 coli
1304 1352 1705 1433 maluerunt
1730 1352 1767 1408 Ι)
1894 1360 1931 1393 *
1960 1360 2410 1433 contumacia
2436 1384 2567 1457 ego
2596 1415 2636 1430 ..
2664 1362 2805 1437 sint
2934 1370 3289 1461 peruica-

651 1476 776 1582 ΝΟ)
1130 1480 1334 1552 cibus
1367 1477 1766 1578 eloquentia
1804 1480 2227 1553 incutiatur.
2263 1482 2369 1553 Ne
2397 1478 2667 1553 fulmen
2722 1481 3011 1581 quidem
3038 1512 3289 1585 aeque

1126 1614 1469 1695 terreret,
1499 1602 1634 1673 nisi
1674 1626 1845 1673 curn
1884 1602 2151 1675 tonitru
2193 1601 2518 1675 caderet.
2552 1604 2657 1675 Ea
2694 1614 2727 1651 2
2764 1604 2922 1703 ipsa
2960 1606 3289 1679 tonandi

1129 1734 1448 1819 potestas
1481 1746 1625 1793 non
1662 1720 1812 1792 Diti
1836 1720 2023 1818 patri
2050 1732 2272 1818 neque
2299 1718 2635 1819 Neptuno
2676 1746 2895 1819 neque
2918 1720 3028 1793 dis
3068 1737 3287 1793 cete·—

1124 1838 1220 1911 ris
1243 1851 1297 1928 0,
1314 1838 1438 1912 sed
1459 1840 1877 1940 imperatori
1907 1863 2195 1913 summo
2224 1838 2384 1908 loui
2418 1836 2671 1909 tradita
2708 1850 2835 1909 est:
2854 1853 2933 1910 ut
2962 1839 3283 1935 fragori-

1121 1959 1256 2032 bus
1276 1948 1573 2033 nubium
1597 1976 1670 2034 et
1684 1960 2060 2034 sonoribus
2085 1956 2589 2059 procellarum,
2610 1956 2797 2029 uelut
2820 1958 3275 2057 quibusdam

1127 2080 1546 2155 caelestibus
1585 2083 1923 2171 uocibus,
1974 2080 2405 2154 altissimum
2442 2080 2828 2178 imperium
2860 2106 2897 2149 a
2924 2091 3275 2149 coutem-
3362 2062 3364 2131 j

1133 2212 1210 2270 tu
1237 2192 1272 2245 ἃ
1303 2192 1745 2273 uindicaret-⁷³
1773 2201 2041 2299 ‚Igitur
2072 2203 2132 2273 si
2160 2225 2405 2272 uerum
2433 2196 2467 2257 4
2503 2200 3009 2298 imperatorem
3050 2224 3272 2293 gene-

1133 2318 1229 2391 ris
1250 2316 1548 2392 humani
1571 2322 1905 2420 quaeritis
1930 2376 1952 2415 7
1982 2320 2383 2421 eloquentia
2414 2332 2639 2391 uestra
2666 2322 2971 2419 imperat
2990 2312 3033 2351 *
3053 2374 3077 2409 .,
3108 2317 3274 2389 elo-
3338 2415 3347 2421 “

1132 2441 1412 2537 quentia
1475 2442 1831 2515 mentibus
1868 2454 1899 2489 Β
1942 2434 2403 2515 dominatur:
2434 2466 2513 2512 ea
2552 2432 2593 2473 *
2630 2456 2905 2511 metum
2942 2439 3211 2510 incutit:
3244 2497 3269 2531 ,

1127 2586 1448 2634 amorem
1499 2562 1841 2636 conciliat
1866 2620 1888 2657 .,
1928 2562 2349 2635 industriam
2383 2562 2647 2635 excitat
2676 2616 2698 2651 ,
2758 2558 3277 2658 inpudentiam
3362 2646 3364 2665 Ι

1115 2678 1514 2776 extinguit,
1579 2682 1917 2755 uirtutem
1986 2680 2408 2753 cohortatur
2445 2735 2466 2774 ‚
2538 2681 2705 2755 uitia
2778 2680 3146 2753 comsutat
3180 2670 3215 2723 f
3248 2732 3277 2768 ,

1302 2907 1334 2936 ⁴⁸
1383 2906 1482 2970 M
1534 2904 1708 2969 Laus
1754 2900 2165 2990 eloquentiae
2197 2910 2231 2971 5
2265 2952 2279 2967 .

1301 2998 1333 3029 ⁴¹
1380 2998 1479 3061 M.
1533 2994 1747 3059 Uerus
1774 2996 2125 3081 imperator
2142 2993 2396 3083 generis
2430 2992 2705 3059 humani
2728 2990 3111 3082 eloquentia
3138 3014 3277 3063 est.

1300 3089 1333 3119 ⁸
1381 3088 1480 3153 M.
1533 3086 1713 3171 Quid
1760 3101 1909 3175 agat
1944 3082 2313 3171 eloquentia
2352 3136 2367 3149 .

1185 3328 1221 3363 a
1254 3311 1408 3361 Unica
1449 3308 1568 3358 haec
1605 3302 1821 3371 superest
1865 3307 2090 3354 sententia
2129 3308 2178 3355 in
2228 3307 2414 3373 integra
2451 3304 2620 3373 pagina
2648 3342 2661 3355 .
2694 3308 2703 3317 ‘
2733 3303 2761 3352 b
2798 3304 2927 3353 Haec
2968 3305 3109 3353 unica
3160 3326 3284 3359 teu-

1115 3384 1263 3433 tentia
1307 3380 1480 3451 legitur
1523 3380 1574 3429 in
1616 3393 1718 3427 toto
1759 3376 1990 3426 laterculo
2014 3414 2025 3425 .
2064 3376 2190 3425 Exin
2231 3373 2484 3425 dimidium
2521 3372 2619 3421 fere
2664 3374 2796 3424 aliud
2838 3374 3125 3423 laterculum
3184 3378 3281 3428 le-

1115 3454 1164 3523 gi
1203 3454 1372 3518 nequit
1395 3486 1408 3500 .
1479 3468 1507 3499 c
1543 3452 1602 3498 In
1647 3449 1859 3519 margine
1900 3456 1989 3495 am
2048 3452 2281 3516 Neptuno
2333 3445 2561 3494 ceterisne
2597 3444 2695 3495 diis
2736 3478 2750 3490 ·
2839 3446 2877 3493 τί
2932 3447 2989 3493 In
3032 3450 3281 3517 margine

1115 3532 1392 3591 contempne.
1415 3558 1428 3573 .
1498 3538 1526 3569 e
1560 3520 1857 3570 Dubia-bam
1888 3534 2010 3567 num
2054 3518 2105 3566 in
2143 3516 2309 3568 codice
2364 3520 2425 3567 tlt
2459 3514 2656 3569 mentia.
2716 3532 2777 3563 an
2840 3517 3045 3568 mentis.
3102 3519 3153 3589 J
3184 3518 3277 3570 Ita

1117 3592 1226 3643 cod.
1316 3601 1322 3609 ‘

1201 3728 1222 3761 ι
1273 3706 1368 3763 Sic
1417 3706 1496 3761 ait
1537 3706 1740 3763 Cicero
1798 3704 1857 3759 in
1914 3716 2136 3759 ora·ore
2302 3700 2335 3758 3
2388 3704 2562 3777 Caelo
2582 3710 2869 3762 tonantem
2886 3702 3267 3760 credidimus

1111 3807 1347 3845 xxvnu
1372 3830 1389 3855 ,
1426 3789 1749 3867 repetitque
1802 3786 1971 3843 diuus
2012 3786 2139 3840 Au·-
2221 3788 2413 3840 Iouem
2450 3804 2729 3858 regnare.
2768 3784 2907 3840 Hor.
2934 3782 3029 3841 od.
3056 3805 3156 3839 ιιι.
3192 3784 3258 3842 5.

1111 3868 1374 3945 guatinas
1407 3870 1478 3927 de
1515 3872 1695 3928 doctr.
1739 3868 1827 3926 ch.
1869 3889 1990 3924 uu.
2031 3868 2126 3934 34.
2297 3869 2332 3931 4
2368 3864 2477 3919 Vix
2517 3864 2721 3921 dubito
2742 3866 2877 3941 quin
2904 3868 3123 3923 Fronto
3159 3886 3261 3921 ar-
3362 3898 3364 3915 .

1198 3972 1228 4008 α
1278 3952 1430 4009 Haec
1448 3954 1759 4017 sententia,
1793 3963 1855 4007 ut
1874 3947 2134 4026 insignis»,
2218 3956 2388 4022 gntus
2428 3944 2601 4003 homo
2642 3948 2807 4003 ludat
2852 3946 2911 4001 in
2956 3966 3099 4005 uoce
3142 3968 3259 4003 tee-

1110 4026 1314 4108 incipit
1351 4055 1382 4089 a
1415 4034 1610 4091 littera
1649 4034 1892 4110 grandi,
1930 4044 1987 4089 et
2011 4050 2138 4109 spa-
2216 4050 2346 4085 reem
2395 4028 2654 4085 scribens
2690 4030 2765 4085 ad
2801 4030 3021 4087 Verum
3052 4030 3255 4109 impe-

1111 4113 1194 4171 tio
1251 4114 1586 4177 interiecto.
1648 4116 1861 4176 Confer
1908 4134 1971 4193 p.
2031 4132 2129 4190 92.
2211 4121 2496 4176 ratorem,
2530 4123 2593 4167 ut
2615 4112 2761 4171 infra
2794 4131 2863 4186 p.
2904 4112 3036 4187 ¹93·

1111 4214 1169 4252 u.
1223 4196 1282 4258 h.
2296 4190 2333 4251 5
2366 4194 2543 4251 Periit
2588 4192 2733 4253 haec
2764 4192 2889 4252 laus
2922 4234 2938 4250 .
