3384 5134
1153 396 1305 492 224
2048 422 2096 475 Α
2129 425 2175 477 n
2202 425 2228 473 1
2260 422 2305 472 o
2335 426 2383 474 κ

1154 534 1338 593 stem
1367 516 1602 593 induit
1625 542 1807 593 auro
1824 518 2202 612 intextam,
2222 520 2539 618 itemque
2564 518 2913 593 citharam
2932 518 3241 619 insignem.

1154 640 1349 714 Tum
1372 665 1511 742 pro
1546 640 1779 741 puppi
1810 650 2063 739 aperto
2096 638 2417 710 maxime
2457 651 2671 739 atque
2699 636 2898 712 edito
2924 638 3083 713 loco
3112 664 3243 743 con·

1113 834 1118 837 .
1152 760 1338 834 stitit
1364 813 1388 853 ‚
1445 762 1665 835 sociis
1691 756 1859 832 inde
1901 756 2238 841 ⁴consulto
2278 782 2411 856 per
2446 746 2705 831 nauem
2738 772 3039 833 ceteram
3066 776 3092 808 ³
3126 758 3240 831 dis-

1147 883 1381 983 persis
1409 938 1427 953 .
1467 883 1584 957 Ibi
1630 882 1862 955 Arion
1882 879 2125 955 studio
2162 880 2464 979 inpenso
2514 894 2798 955 cantare
2852 880 3114 955 orditur
3140 880 3247 953 sci-
3302 946 3304 977 1

1153 1002 1326 1078 licet
1364 1003 1548 1077 mari
1597 1020 1672 1079 et
1712 999 1911 1075 caelo
1956 1000 2131 1075 artis
2176 1029 2341 1077 suae
2396 1026 2817 1138 supremum
2840 1024 3239 1075 commemo·

1153 1138 1616 1202 ramentum.
1672 1124 2035 1197 Carminis
2072 1124 2211 1197 fine
2260 1148 2433 1195 eum
2480 1122 2705 1197 uerbo
2757 1122 2837 1194 in
2886 1147 3073 1195 mare
3102 1119 3242 1193 desi-

1151 1239 1288 1315 lit:
1319 1242 1700 1343 delphinus
1749 1242 2075 1342 excipit,
2128 1242 2517 1316 sublimem
2562 1240 2864 1333 auehit,
2900 1238 3057 1311 naui
3086 1262 3243 1353 prae·

1152 1360 1406 1455 uortit.,
1436 1362 1763 1435 Taenaro
1796 1363 2101 1461 exponit
2129 1417 2151 1456 ,
2188 1373 2537 1462 quantum
2570 1346 2927 1461 delphino
2960 1360 3057 1433 fas
3080 1370 3239 1449 erat,

1151 1479 1230 1551 in
1283 1479 1562 1554 extimo
1601 1478 1870 1555 lito-re.
1914 1479 2143 1553 Arion
2194 1478 2363 1553 inde
2406 1475 2843 1552 Corinthum
2892 1476 3239 1579 proficisci-

1154 1612 1276 1673 tur
1299 1632 1318 1670 ε
1351 1615 1424 1675 et
1457 1600 1688 1676 homo
1724 1616 1799 1681 et
1826 1601 2045 1675 uestis
2086 1614 2162 1673 et
2200 1598 2473 1675 cithara
2506 1614 2584 1671 et
2606 1590 2643 1648 b
2684 1625 2835 1673 uox
2868 1597 3239 1672 incolumis:

1153 1724 1630 1799 Periandrum
1665 1748 1903 1822 regem
1936 1720 2382 1797 corinthium
2407 1777 2429 1816 .,
2472 1722 2593 1797 cui
2630 1746 2761 1822 per
2789 1736 3016 1795 artem
3050 1718 3241 1815 cogni·

1153 1856 1268 1917 tus
1317 1856 1801 1943 acceptusque
1842 1839 1973 1913 diu
2024 1841 2253 1915 fuerat
2300 1896 2324 1935 ‚
2384 1839 2668 1915 accedit
2697 1874 2717 1911 ε
2788 1840 3031 1913 ordine
3072 1851 3097 1887 ⁶
3132 1863 3241 1909 me·

1148 1976 1392 2037 morat
1442 1986 1598 2035 rem
1653 1975 1925 2058 gestam
1966 1960 2044 2031 in
2086 1960 2253 2032 naui
2296 1972 2371 2032 et
2420 1973 2675 2058 postea
2721 1958 2799 2033 in
2854 1958 3031 2030 mari
3064 2013 3081 2029 .
3128 1956 3238 2027 Rex

1149 2082 1436 2157 homini
1483 2080 1770 2157 credere
1796 2134 1820 2175 .,
1850 2078 2205 2155 miraculo
2252 2077 2717 2174 addubitare3
2758 2107 3015 2154 nauem
3053 2092 3115 2151 et
3152 2102 3237 2151 so-

1149 2202 1308 2275 cios
1342 2200 1617 2276 naualis
1646 2254 1668 2294 ‚
1712 2200 1899 2274 dum
1935 2198 2333 2301 reciperent
2358 2192 2395 2249 d
2426 2254 2448 2295 ‚
2487 2199 2857 2300 opperiri.
2910 2200 3237 2299 Postquam

1149 2324 1496 2422 cognouit
1525 2340 1826 2426 portum
1864 2324 2222 2417 inuectoS‚
2259 2324 2408 2397 sine
2436 2322 2751 2396 tumultu
2788 2324 3027 2422 accipi
3056 2318 3233 2405 iubet,

1146 2443 1358 2519 uoltu
1401 2440 1606 2519 comi
1641 2500 1664 2538 .,
1716 2442 1959 2519 uerbis
2005 2442 2283 2519 lenibus
2340 2456 2811 2544 percontatur
2858 2498 2885 2537 ‚
2918 2434 3236 2540 numquid·

1145 2586 1319 2635 nam
1344 2584 1560 2665 super
1577 2562 1851 2635 Arione
1884 2561 2113 2637 lesbio
2149 2562 2673 2662 comperissent
2697 2553 2739 2634 ?
2770 2560 2895 2634 Illi
2927 2560 3113 2635 facile
3138 2582 3237 2632 nes·

1145 2680 1515 2781 pondenh,
1553 2682 1847 2755 Tarenti
1880 2680 2142 2755 uidisse
2168 2680 2825 2755 fortunatissimum
2867 2678 3235 2765 mortalem,

1150 2800 1466 2875 secundo
1518 2826 1811 2875 rumore
1854 2802 2297 2903 populorum
2349 2798 2604 2873 florere
2636 2854 2660 2894 ‚
2701 2800 3073 2901 pretioque
3100 2822 3235 2879 esse,

1154 2918 1446 2995 cithara
1495 2936 1779 2995 cantare
1814 2976 1833 2993 .
1888 2922 2129 3011 Quare
2162 2918 2432 2993 diutius
2464 2946 2713 2994 amore
2748 2936 2965 3022 atque
2992 2918 3167 2993 lucro
3190 2929 3237 2987 et

1153 3038 1490 3115 laudibus
1541 3042 1874 3117 retineri.
1930 3040 2121 3115 Cum
2152 3038 2327 3115 haec
2364 3040 2465 3113 ita
2502 3041 2819 3117 dicerent
2858 3098 2881 3137 ,
2916 3042 3125 3115 Arion
3156 3039 3236 3108 in-

1153 3160 1356 3261 rupit
1387 3164 1497 3233 lta
1531 3176 1620 3233 ut
1650 3167 1735 3235 in
1758 3166 2001 3261 puppi
2034 3172 2365 3255 steterat,
2424 3184 2596 3233 cum
2628 3176 2825 3235 ueste
2855 3188 3028 3236 auro
3058 3162 3236 3233 intex-

1125 3290 1232 3351 ta
1267 3291 1340 3351 et
1394 3274 1723 3353 cithara
1699 3276 2015 3375 insigni.
2073 3276 2482 3359 Praedones
2533 3279 2839 3381 inopino
2872 3308 3044 3354 msu
3076 3276 3237 3351 Ario-

1157 3395 1272 3470 nis
1329 3397 1657 3490 territi⁰‚
1710 3422 1881 3469 cum
1916 3376 2199 3497 ἷιιεφιὲ
2235 3398 2625 3534 quicquam
2676 3412 2853 3499 post
2887 3398 3005 3471 illa
3050 3416 3238 3491 negare

1150 3525 1273 3591 aut
1307 3538 1454 3591 non
1486 3514 1771 3591 credere
1807 3530 1933 3590 aut
1962 3514 2334 3617 deprecari
2369 3518 2521 3590 ausi
2552 3514 2771 3591 sunt.
2826 3512 3144 3617 Delphini
3170 3508 3238 3581 fr·

1217 3763 1255 3795 a
1289 3745 1409 3797 eod.
1447 3746 1692 3797 citharam
1720 3785 1733 3798 .
1802 3745 1835 3798 b
1870 3754 1938 3799 Et
1962 3766 1991 3797 ι
2030 3764 2108 3797 me
2150 3746 2379 3799 additur.
2448 3764 2479 3796 c
2514 3746 2637 3799 Cod.
2677 3746 2937 3797 ordinm,
3002 3744 3037 3794 d
3072 3743 3137 3792 In
3170 3738 3239 3787 tim

1147 3833 1201 3881 ξε
1228 3852 1240 3863 .
1309 3835 1338 3867 e
1373 3815 1588 3870 Schedee
1628 3832 1672 3868 ι.
1698 3836 1847 3870 nunu
1873 3835 1980 3871 men
2014 3818 2176 3867 tern'u‘
2196 3855 2210 3877 ,
2248 3834 2299 3873 a.
2334 3819 2507 3869 terreri
2526 3854 2541 3869 .
2596 3819 2718 3875 Utr·
2757 3818 2907 3877 lenio
2936 3812 3153 3877 incndite
3176 3811 3237 3863 nit·

1153 3886 1419 3963 uidendum
1449 3902 1668 3963 cuperesf
1688 3924 1702 3942 .
1766 3882 1807 3963 f
1832 3888 2005 3949 Malim
2042 3900 2149 3943 tum
2172 3926 2188 3943 .
