3384 5134
1109 484 1250 539 202
1897 484 1941 530 n
1970 484 2011 532 r.
2104 486 2141 531 a
2168 483 2212 533 ιι·
2236 483 2281 530 ι,
2302 485 2347 532 ι,
2382 483 2429 532 o

1105 582 1319 679 ungui
1349 594 1480 654 “et
1532 578 1676 653 laui
1708 577 1903 653 Iouis
1936 592 2010 651 et
2056 576 2229 653 solis
2286 576 2651 651 manibus.
2703 578 2979 653 Harioli
3009 595 3225 657 autem

1101 703 1363 779 laetam
1385 718 1462 777 et
1492 704 1827 803 pinguem
1866 699 2229 774 fortunam
2261 699 2677 801 portendier
2714 702 3003 774 somnio
3028 704 3227 776 inter-

1103 826 1366 927 pretati
1399 816 1438 875 b
1466 880 1485 895 .
1527 822 1666 896 Sed
1704 848 1919 896 omne
1956 834 2203 894 contra
2238 820 2509 895 euenit.
2548 820 2741 893 Nam
2776 818 3119 935 deeeptus
3148 824 3229 897 ab

1097 948 1366 1021 Oroete
1400 972 1604 1047 perse
1639 944 2049 1045 Polycrates
2072 958 2467 1045 captusque
2484 945 2562 1016 in
2598 968 2891 1017 eruoem
2923 943 3227 1017 sublatus

1103 1082 1212 1140 est
1248 1124 1265 1139 .
1316 1068 1428 1140 Ita
1469 1068 1534 1139 ei
1565 1066 2310 1141 cruciantisomuium
2342 1056 2799 1164 expe[ditum
2827 1120 2844 1135 .
2880 1062 3222 1168 Manibus]

1103 1192 1321 1264 Iouis
1339 1212 1507 1261 cum
1528 1188 1827 1288 plueret
1851 1186 2253 1261 lambatur
2276 1238 2300 1279 ‚
2322 1214 2369 1257 α
2394 1185 2549 1259 sole
2571 1186 3041 1285 unguebatur·
3068 1188 3227 1258 dum

1098 1314 1258 1411 ipse
1293 1334 1338 1381 e
1360 1332 1666 1407 corpore
1706 1308 2080 1381 humorem
2110 1310 2479 1381 emitteret
2509 1359 2527 1376 .
2572 1304 2799 1379 Huius
2838 1296 2873 1405 [
2904 1297 3223 1405 fabulae]

1097 1452 1392 1501 exorsus
1424 1482 1441 1497 .
1476 1483 1494 1499 .
1531 1426 1704 1501 bent
1738 1483 1757 1499 .
1790 1482 1808 1497 .
1842 1425 2207 1501 interdum
2230 1437 2265 1475 e
2302 1464 2328 1497 e
2351 1482 2370 1497 .
2407 1424 2474 1497 N
2480 1450 2575 1499 on
2604 1440 2711 1500 est
2740 1422 3231 1500 exsultandum

1095 1548 1316 1623 nimia
1343 1562 1416 1622 et
1439 1548 1713 1621 diutina
1739 1547 2235 1648 prosperitate,
2266 1572 2440 1641 τωο,-
2462 1546 2701 1649 siquid
2723 1544 2953 1619 malae
2972 1572 3231 1648 pugnae
3344 1538 3346 1541 ⁴

1099 1668 1445 1744 acciderit
1469 1724 1492 1763 ‚
1532 1664 2099 1741 defetiscendum
2126 1698 2145 1739 ε
2173 1666 2299 1741 sed
2332 1666 2721 1741 uictoriam
2766 1665 2969 1740 breui
2992 1692 3187 1767 spera
3212 1720 3229 1735 .

1099 1790 1430 1891 Namque
1463 1814 1747 1889 semper
1774 1788 1849 1860 in
1880 1785 2091 1860 rebus
2118 1787 2328 1885 gestis
2360 1786 2669 1861 romanis
2700 1784 2988 1859 crebrae
3014 1784 3227 1859 fortu-

1094 1934 1354 1983 narum
1378 1908 1987 1982 commutationes
2020 1907 2442 1981 exstiterunt
2468 1962 2487 1979 .
2514 1907 2692 1997 Quis
2714 1905 2809 1979 ita
2831 1906 3115 2001 ignarus
3134 1917 3231 1977 est

1099 2028 1525 2105 bellicarum
1572 2031 2086 2104 memoriarum
2128 2085 2152 2124 ‚
2200 2031 2323 2131 qui
2368 2030 2649 2128 ignoret
2700 2024 3063 2127 populum
3109 2052 3225 2099 ro-

1095 2174 1389 2225 manum
1427 2178 1576 2224 non
1612 2150 1845 2222 minus
1879 2147 2204 2224 cadendo
2256 2174 2471 2249 quam
2522 2144 2883 2223 caedendo
2938 2144 3227 2245 imperi·

1098 2298 1225 2345 um
1269 2274 1628 2374 peperisse
1659 2266 1704 2348 ¹?
1753 2273 2063 2372 legiones
2094 2288 2376 2347 nostras
2423 2296 2633 2373 saepe
2666 2274 2917 2343 uictas
2952 2281 3228 2369 captas-

1097 2416 1267 2491 sque
1318 2392 1599 2467 artibus
1649 2392 2121 2467 barbarorum
2176 2420 2329 2467 esse
2358 2386 2400 2469 ⁶?
2432 2390 2781 2486 Quamuis
2810 2445 2830 2461 .
2865 2444 2884 2460 .
2922 2380 2967 2437 ἆ
3002 2388 3225 2485 fruges

1095 2526 1176 2583 et
1232 2512 1413 2584 tauri
1465 2511 1692 2610 subigi
1741 2512 2093 2609 iungendo
2133 2512 2557 2615 domarique
2616 2524 2911 2612 potuere
2946 2540 2971 2579 ε
3018 2534 3227 2609 prae·

1097 2654 1317 2727 quam
1373 2630 1597 2717 nostri
1652 2631 2003 2704 exercitus
2060 2632 2195 2707 sub
2240 2633 2491 2730 iugum
2540 2631 2743 2705 missi
2798 2644 2966 2704 sunt
3015 2657 3042 2721 ς
3112 2624 3229 2700 sed

1089 2746 1387 2820 eosdem
1435 2747 1598 2822 illos
1635 2804 1658 2843 ‚
1728 2752 1855 2851 qui
1900 2752 2034 2826 sub
2092 2755 2337 2851 iugum
2388 2768 2672 2851 egerant
2705 2807 2726 2843 ‚
2778 2750 2995 2853 paulo
3064 2763 3233 2861 ppst
3344 2804 3346 2823 2

1090 2880 1250 2937 aute
1286 2866 1737 2967 triumphum
1780 2872 2007 2944 nostri
2057 2898 2296 2970 egere,
2332 2888 2405 2947 et
2461 2873 2791 2975 captiuos
2824 2871 2961 2945 sub
3002 2894 3227 2944 coro-
3344 2832 3346 2971 Ι

1087 3008 1176 3057 na
1213 2986 1587 3062 uendidere
1615 3046 1633 3063 .
1706 2991 1885 3065 Post
1930 2993 2377 3069 Cannensem
2418 2993 2698 3069 cladem
2760 2994 3049 3067 Poenus
3100 2994 3236 3064 im·
3344 2974 3346 3003 ¹

1085 3122 1379 3205 perator
1423 3110 1802 3187 anulorum
1847 3141 2224 3189 aureorum
2258 3172 2282 3209 .‚
2324 3144 2511 3217 quos
2546 3118 2765 3191 caesis
2798 3116 3171 3216 equitibus
3206 3125 3233 3162 θ

1087 3232 1402 3305 romanis
1435 3232 1660 3309 Poeni
1695 3234 2151 3309 detraxerant
2178 3292 2201 3332 ,
2258 3250 2398 3311 tres
2436 3236 2729 3311 modios
2767 3230 3237 3310 *cumulatos

1089 3348 1289 3421 misit
1344 3350 1841 3453 Carthaginem
1874 3412 1893 3429 .
1956 3356 2095 3430 Sed
2132 3383 2277 3431 non
2338 3356 2595 3431 multo'
2637 3372 2809 3460 post
2868 3356 3237 3453 Carthago
3344 3431 3346 3470 Ι

1097 3484 1310 3574 capta
1365 3491 1476 3551 est
1501 3512 1521 3550 ε
1571 3478 1714 3554 illis
1748 3482 1871 3583 qui
1912 3482 2165 3555 anulos
2210 3481 2660 3557 detraxerant
2711 3498 2997 3555 catenae
3054 3480 3242 3553 indi·

1274 3705 1308 3736 ⁴*
1354 3707 1456 3771 M.
1499 3710 1674 3774 Tres
1744 3710 1999 3774 modios
2060 3708 2415 3775 anulorum
2482 3708 2851 3777 cumulatos
2896 3707 3239 3775 Hannibal

1093 3814 1434 3861 caesorum
1467 3800 1773 3887 equitum
1806 3822 2229 3869 romanorum
2268 3816 2427 3891 aput
2486 3802 3039 3895 Thrasymenum.
3066 3806 3239 3871 Car·

1094 3882 1427 3977 thaginem
1475 3891 1651 3955 misit
1675 3940 1693 3958 .

1157 4119 1195 4153 a
1227 4100 1304 4153 lea
1348 4104 1551 4173 loquens
1587 4122 1732 4173 super
1770 4106 1863 4157 bac
1902 4126 1955 4158 re
1994 4110 2320 4163 Tertullianus
2351 4104 2420 4162 ‘de
2453 4115 2610 4165 anima
2656 4132 2759 4180 cap.
2812 4127 2961 4164 xnvt:
3014 4114 3087 4165 {le
3122 4114 3235 4167 soils

1088 4175 1312 4242 unguine
1349 4186 1396 4224 et
1429 4174 1632 4230 lauacro
1664 4180 1829 4229 Iouis.
1900 4178 1929 4228 b
1963 4182 2084 4231 Cod.
2121 4184 2490 4253 interpr-aetati·
2547 4202 2576 4233 c
2612 4183 2797 4251 Supple
2834 4183 2933 4236 fere
2974 4206 3137 4238 unum
3184 4191 3233 4237 ia

1047 4223 2421 4321 'hishenni-nman.18qpumm·=oebm.
2488 4294 2496 4299 .
2556 4256 3073 4328 ‹comat-‚uuam
