<?xml version="1.0" encoding="UTF-8"?>
<!DOCTYPE html PUBLIC "-//W3C//DTD XHTML 1.0 Transitional//EN"
    "http://www.w3.org/TR/xhtml1/DTD/xhtml1-transitional.dtd">
<html xmlns="http://www.w3.org/1999/xhtml" xml:lang="en" lang="en">
 <head>
  <title>
</title>
<meta http-equiv="Content-Type" content="text/html;charset=utf-8" />
  <meta name='ocr-system' content='tesseract 3.04.00' />
  <meta name='ocr-capabilities' content='ocr_page ocr_carea ocr_par ocr_line ocrx_word'/>
</head>
<body>
  <div class='ocr_page' id='page_1' title='image "./mcorneliifronto00maigoog/mcorneliifronto00maigoog_0375.png"; bbox 0 0 3384 5134; ppageno 0'>
   <div class='ocr_carea' id='block_1_1' title="bbox 173 458 2350 2729">
    <p class='ocr_par' dir='ltr' id='par_1_1' title="bbox 173 458 2350 2729">
     <span class='ocr_line' id='line_1_1' title="bbox 961 458 2311 533; baseline -0.001 0"><span class='ocrx_word' id='word_1_1' title='bbox 961 482 1544 533; x_wconf 68' lang='lat' dir='ltr'><strong>nisroniAt</strong></span> <span class='ocrx_word' id='word_1_2' title='bbox 2168 458 2311 532; x_wconf 74' lang='lat'><strong>321</strong></span> 
     </span>
     <span class='ocr_line' id='line_1_2' title="bbox 181 578 2331 683; baseline -0.002 -24"><span class='ocrx_word' id='word_1_3' title='bbox 181 611 354 660; x_wconf 78' lang='lat' dir='ltr'><strong>cura</strong></span> <span class='ocrx_word' id='word_1_4' title='bbox 379 584 592 658; x_wconf 85' lang='lat' dir='ltr'><strong>insita</strong></span> <span class='ocrx_word' id='word_1_5' title='bbox 623 582 717 657; x_wconf 86' lang='lat' dir='ltr'><strong>sit</strong></span> <span class='ocrx_word' id='word_1_6' title='bbox 742 579 1056 656; x_wconf 82' lang='lat' dir='ltr'><strong>militum</strong></span> <span class='ocrx_word' id='word_1_7' title='bbox 1079 580 1322 655; x_wconf 80' lang='lat' dir='ltr'><strong>salutis</strong></span> <span class='ocrx_word' id='word_1_8' title='bbox 1354 638 1377 676; x_wconf 81' lang='lat'>,</span> <span class='ocrx_word' id='word_1_9' title='bbox 1408 580 1534 681; x_wconf 87' lang='lat' dir='ltr'><strong>qui</strong></span> <span class='ocrx_word' id='word_1_10' title='bbox 1562 578 1825 679; x_wconf 83' lang='lat' dir='ltr'><strong>gloriae</strong></span> <span class='ocrx_word' id='word_1_11' title='bbox 1854 604 2016 653; x_wconf 83' lang='lat' dir='ltr'><strong>suae</strong></span> <span class='ocrx_word' id='word_1_12' title='bbox 2040 581 2331 683; x_wconf 86' lang='lat' dir='ltr'><strong>dispen-</strong></span> 
     </span>
     <span class='ocr_line' id='line_1_3' title="bbox 175 688 2321 807; baseline -0 -26"><span class='ocrx_word' id='word_1_13' title='bbox 175 708 306 783; x_wconf 84' lang='lat' dir='ltr'><strong>dio</strong></span> <span class='ocrx_word' id='word_1_14' title='bbox 349 707 698 781; x_wconf 84' lang='lat' dir='ltr'><strong>redimere</strong></span> <span class='ocrx_word' id='word_1_15' title='bbox 753 706 1108 805; x_wconf 86' lang='lat' dir='ltr'><strong>cupiuerit</strong></span> <span class='ocrx_word' id='word_1_16' title='bbox 1157 731 1415 807; x_wconf 81' lang='lat' dir='ltr'><strong>pacem</strong></span> <span class='ocrx_word' id='word_1_17' title='bbox 1461 707 1907 778; x_wconf 79' lang='lat' dir='ltr'><strong>incruentam</strong></span> <span class='ocrx_word' id='word_1_18' title='bbox 1938 759 1955 774; x_wconf 91' lang='lat'><strong>.</strong></span> <span class='ocrx_word' id='word_1_19' title='bbox 2010 688 2321 780; x_wconf 83' lang='lat' dir='ltr'><strong>Traiano</strong></span> 
     </span>
     <span class='ocr_line' id='line_1_4' title="bbox 178 805 2331 927; baseline 0 -27"><span class='ocrx_word' id='word_1_20' title='bbox 178 853 392 901; x_wconf 81' lang='lat' dir='ltr'><strong>suam</strong></span> <span class='ocrx_word' id='word_1_21' title='bbox 435 805 802 927; x_wconf 81' lang='lat' dir='ltr'><strong>potiorem</strong></span> <span class='ocrx_word' id='word_1_22' title='bbox 836 826 1138 923; x_wconf 85' lang='lat' dir='ltr'>gloriam</span> <span class='ocrx_word' id='word_1_23' title='bbox 1173 827 1246 898; x_wconf 90' lang='lat' dir='ltr'><strong>in</strong></span> <span class='ocrx_word' id='word_1_24' title='bbox 1271 827 1602 923; x_wconf 85' lang='lat' dir='ltr'><strong>sanguine</strong></span> <span class='ocrx_word' id='word_1_25' title='bbox 1627 826 1947 898; x_wconf 83' lang='lat' dir='ltr'><strong>militum</strong></span> <span class='ocrx_word' id='word_1_26' title='bbox 1982 826 2331 919; x_wconf 84' lang='lat' dir='ltr'><strong>futuram,</strong></span> 
     </span>
     <span class='ocr_line' id='line_1_5' title="bbox 173 945 2331 1047; baseline 0.001 -27"><span class='ocrx_word' id='word_1_27' title='bbox 173 949 268 1020; x_wconf 89' lang='lat' dir='ltr'><strong>de</strong></span> <span class='ocrx_word' id='word_1_28' title='bbox 302 948 558 1022; x_wconf 86' lang='lat' dir='ltr'><strong>ceteris</strong></span> <span class='ocrx_word' id='word_1_29' title='bbox 589 948 737 1019; x_wconf 87' lang='lat' dir='ltr'><strong>eius</strong></span> <span class='ocrx_word' id='word_1_30' title='bbox 784 947 1040 1021; x_wconf 82' lang='lat' dir='ltr'><strong>studiis</strong></span> <span class='ocrx_word' id='word_1_31' title='bbox 1080 945 1291 1019; x_wconf 83' lang='lat' dir='ltr'><strong>multi</strong></span> <span class='ocrx_word' id='word_1_32' title='bbox 1325 948 1730 1021; x_wconf 76' lang='lat' dir='ltr'><strong>coniectant</strong></span> <span class='ocrx_word' id='word_1_33' title='bbox 1765 960 1781 994; x_wconf 88' lang='lat'><strong>¹</strong></span> <span class='ocrx_word' id='word_1_34' title='bbox 1815 1003 1834 1019; x_wconf 88' lang='lat'><strong>.</strong></span> <span class='ocrx_word' id='word_1_35' title='bbox 1892 947 2083 1019; x_wconf 85' lang='lat' dir='ltr'><strong>Nam</strong></span> <span class='ocrx_word' id='word_1_36' title='bbox 2122 974 2331 1047; x_wconf 79' lang='lat' dir='ltr'><strong>saepe</strong></span> 
     </span>
     <span class='ocr_line' id='line_1_6' title="bbox 174 1060 2339 1167; baseline -0.001 -25"><span class='ocrx_word' id='word_1_37' title='bbox 174 1070 616 1142; x_wconf 80' lang='lat' dir='ltr'><strong>Parthorum</strong></span> <span class='ocrx_word' id='word_1_38' title='bbox 641 1067 908 1165; x_wconf 86' lang='lat' dir='ltr'><strong>legatos</strong></span> <span class='ocrx_word' id='word_1_39' title='bbox 931 1092 1188 1167; x_wconf 84' lang='lat' dir='ltr'>pacem</span> <span class='ocrx_word' id='word_1_40' title='bbox 1218 1069 1616 1166; x_wconf 80' lang='lat' dir='ltr'><strong>precanteis</strong></span> <span class='ocrx_word' id='word_1_41' title='bbox 1642 1080 1672 1115; x_wconf 57' lang='grc' dir='ltr'><strong>ὃ</strong></span> <span class='ocrx_word' id='word_1_42' title='bbox 1689 1066 2081 1141; x_wconf 84' lang='lat' dir='ltr'><strong>dismisisse</strong></span> <span class='ocrx_word' id='word_1_43' title='bbox 2100 1060 2135 1115; x_wconf 70' lang='grc' dir='ltr'><strong>Ι)</strong></span> <span class='ocrx_word' id='word_1_44' title='bbox 2162 1068 2339 1139; x_wconf 87' lang='lat' dir='ltr'><strong>inri-</strong></span> 
     </span>
     <span class='ocr_line' id='line_1_7' title="bbox 174 1178 2335 1287; baseline -0.001 -26"><span class='ocrx_word' id='word_1_45' title='bbox 174 1204 292 1261; x_wconf 89' lang='lat' dir='ltr'><strong>tos</strong></span> <span class='ocrx_word' id='word_1_46' title='bbox 321 1200 380 1258; x_wconf 82' lang='lat'><strong>2.</strong></span> <span class='ocrx_word' id='word_1_47' title='bbox 409 1189 730 1260; x_wconf 74' lang='lat' dir='ltr'><strong>Iustitiae</strong></span> <span class='ocrx_word' id='word_1_48' title='bbox 753 1213 1041 1287; x_wconf 89' lang='lat' dir='ltr'><strong>quoque</strong></span> <span class='ocrx_word' id='word_1_49' title='bbox 1063 1200 1135 1258; x_wconf 82' lang='lat' dir='ltr'><strong>et</strong></span> <span class='ocrx_word' id='word_1_50' title='bbox 1157 1185 1569 1259; x_wconf 80' lang='lat' dir='ltr'><strong>clementiae</strong></span> <span class='ocrx_word' id='word_1_51' title='bbox 1591 1178 1626 1237; x_wconf 84' lang='lat'><strong>3</strong></span> <span class='ocrx_word' id='word_1_52' title='bbox 1645 1185 1833 1259; x_wconf 85' lang='lat' dir='ltr'><strong>fama</strong></span> <span class='ocrx_word' id='word_1_53' title='bbox 1850 1186 2045 1285; x_wconf 81' lang='lat' dir='ltr'><strong>apud</strong></span> <span class='ocrx_word' id='word_1_54' title='bbox 2076 1186 2335 1259; x_wconf 81' lang='lat' dir='ltr'><strong>barba-</strong></span> 
     </span>
     <span class='ocr_line' id='line_1_8' title="bbox 175 1306 2337 1407; baseline -0.001 -25"><span class='ocrx_word' id='word_1_55' title='bbox 175 1336 306 1383; x_wconf 89' lang='lat' dir='ltr'><strong>ros</strong></span> <span class='ocrx_word' id='word_1_56' title='bbox 359 1324 604 1383; x_wconf 80' lang='lat' dir='ltr'><strong>sancta</strong></span> <span class='ocrx_word' id='word_1_57' title='bbox 649 1309 738 1381; x_wconf 91' lang='lat' dir='ltr'><strong>de</strong></span> <span class='ocrx_word' id='word_1_58' title='bbox 796 1311 1026 1381; x_wconf 88' lang='lat' dir='ltr'><strong>Lucio</strong></span> <span class='ocrx_word' id='word_1_59' title='bbox 1055 1343 1073 1379; x_wconf 70' lang='grc' dir='ltr'><strong>ε</strong></span> <span class='ocrx_word' id='word_1_60' title='bbox 1131 1308 1470 1380; x_wconf 83' lang='lat' dir='ltr'><strong>Traianus</strong></span> <span class='ocrx_word' id='word_1_61' title='bbox 1525 1334 1674 1381; x_wconf 89' lang='lat' dir='ltr'><strong>non</strong></span> <span class='ocrx_word' id='word_1_62' title='bbox 1729 1306 2069 1378; x_wconf 88' lang='lat' dir='ltr'><strong>omnibus</strong></span> <span class='ocrx_word' id='word_1_63' title='bbox 2105 1307 2337 1407; x_wconf 77' lang='lat' dir='ltr'><strong>&#39;aeque</strong></span> 
     </span>
     <span class='ocr_line' id='line_1_9' title="bbox 177 1421 2338 1528; baseline -0.003 -27"><span class='ocrx_word' id='word_1_64' title='bbox 177 1445 526 1528; x_wconf 81' lang='lat' dir='ltr'><strong>purgatus</strong></span> <span class='ocrx_word' id='word_1_65' title='bbox 556 1484 576 1499; x_wconf 90' lang='lat'><strong>.</strong></span> <span class='ocrx_word' id='word_1_66' title='bbox 631 1430 953 1524; x_wconf 85' lang='lat' dir='ltr'><strong>Regnum</strong></span> <span class='ocrx_word' id='word_1_67' title='bbox 991 1427 1474 1524; x_wconf 58' lang='lat' dir='ltr'><strong>,fortunasque</strong></span> <span class='ocrx_word' id='word_1_68' title='bbox 1532 1450 1691 1496; x_wconf 87' lang='lat' dir='ltr'><strong>suas</strong></span> <span class='ocrx_word' id='word_1_69' title='bbox 1751 1423 1825 1495; x_wconf 88' lang='lat' dir='ltr'><strong>in</strong></span> <span class='ocrx_word' id='word_1_70' title='bbox 1886 1421 2104 1495; x_wconf 85' lang='lat' dir='ltr'><strong>fidem</strong></span> <span class='ocrx_word' id='word_1_71' title='bbox 2156 1424 2338 1497; x_wconf 84' lang='lat' dir='ltr'><strong>Luci</strong></span> 
     </span>
     <span class='ocr_line' id='line_1_10' title="bbox 181 1541 2343 1644; baseline -0.002 -23"><span class='ocrx_word' id='word_1_72' title='bbox 181 1548 574 1623; x_wconf 82' lang='lat' dir='ltr'><strong>contulisse</strong></span> <span class='ocrx_word' id='word_1_73' title='bbox 606 1548 967 1620; x_wconf 86' lang='lat' dir='ltr'><strong>neminem</strong></span> <span class='ocrx_word' id='word_1_74' title='bbox 997 1547 1344 1644; x_wconf 79' lang='lat' dir='ltr'><strong>paenituit</strong></span> <span class='ocrx_word' id='word_1_75' title='bbox 1371 1578 1389 1616; x_wconf 71' lang='grc' dir='ltr'><em>ε</em></span> <span class='ocrx_word' id='word_1_76' title='bbox 1423 1545 1733 1617; x_wconf 82' lang='lat' dir='ltr'><strong>Traiano</strong></span> <span class='ocrx_word' id='word_1_77' title='bbox 1762 1541 2013 1616; x_wconf 83' lang='lat' dir='ltr'><strong>caedes</strong></span> <span class='ocrx_word' id='word_1_78' title='bbox 2041 1542 2343 1616; x_wconf 80' lang='lat' dir='ltr'><strong>Partha-</strong></span> 
     </span>
     <span class='ocr_line' id='line_1_11' title="bbox 177 1662 2339 1765; baseline -0.004 -24"><span class='ocrx_word' id='word_1_79' title='bbox 177 1668 431 1741; x_wconf 84' lang='lat' dir='ltr'><strong>masiri</strong></span> <span class='ocrx_word' id='word_1_80' title='bbox 484 1668 664 1765; x_wconf 88' lang='lat' dir='ltr'><strong>regis</strong></span> <span class='ocrx_word' id='word_1_81' title='bbox 721 1663 1016 1765; x_wconf 85' lang='lat' dir='ltr'><strong>suplicis</strong></span> <span class='ocrx_word' id='word_1_82' title='bbox 1043 1679 1078 1749; x_wconf 68' lang='grc'><strong>,9</strong></span> <span class='ocrx_word' id='word_1_83' title='bbox 1116 1664 1320 1737; x_wconf 60' lang='lat' dir='ltr'><strong>*haud</strong></span> <span class='ocrx_word' id='word_1_84' title='bbox 1359 1666 1530 1737; x_wconf 79' lang='lat' dir='ltr'><strong>satis</strong></span> <span class='ocrx_word' id='word_1_85' title='bbox 1575 1677 1911 1737; x_wconf 79' lang='lat' dir='ltr'><strong>excusata</strong></span> <span class='ocrx_word' id='word_1_86' title='bbox 1944 1717 1987 1757; x_wconf 26' lang='grc' dir='ltr'><strong>,ο</strong></span> <span class='ocrx_word' id='word_1_87' title='bbox 2018 1662 2339 1735; x_wconf 80' lang='lat' dir='ltr'><strong>Tametsi</strong></span> 
     </span>
     <span class='ocr_line' id='line_1_12' title="bbox 177 1782 2342 1885; baseline -0.004 -24"><span class='ocrx_word' id='word_1_88' title='bbox 177 1790 375 1863; x_wconf 82' lang='lat' dir='ltr'><strong>ultro</strong></span> <span class='ocrx_word' id='word_1_89' title='bbox 402 1787 520 1859; x_wconf 87' lang='lat' dir='ltr'><strong>ille</strong></span> <span class='ocrx_word' id='word_1_90' title='bbox 550 1788 701 1859; x_wconf 86' lang='lat' dir='ltr'><strong>uim</strong></span> <span class='ocrx_word' id='word_1_91' title='bbox 739 1801 1080 1885; x_wconf 76' lang='lat' dir='ltr'><strong>coeptans</strong></span> <span class='ocrx_word' id='word_1_92' title='bbox 1106 1784 1417 1859; x_wconf 82' lang='lat' dir='ltr'><strong>tumultu</strong></span> <span class='ocrx_word' id='word_1_93' title='bbox 1443 1800 1606 1859; x_wconf 82' lang='lat' dir='ltr'><strong>orto</strong></span> <span class='ocrx_word' id='word_1_94' title='bbox 1635 1786 1895 1858; x_wconf 85' lang='lat' dir='ltr'><strong>merito</strong></span> <span class='ocrx_word' id='word_1_95' title='bbox 1923 1782 2342 1857; x_wconf 75' lang='lat' dir='ltr'><strong>interfectus</strong></span> 
     </span>
     <span class='ocr_line' id='line_1_13' title="bbox 179 1899 2342 2006; baseline -0.005 -23"><span class='ocrx_word' id='word_1_96' title='bbox 179 1926 333 2004; x_wconf 81' lang='lat' dir='ltr'><strong>est,</strong></span> <span class='ocrx_word' id='word_1_97' title='bbox 441 1907 660 1981; x_wconf 86' lang='lat' dir='ltr'><strong>eliore</strong></span> <span class='ocrx_word' id='word_1_98' title='bbox 687 1923 924 1981; x_wconf 74' lang='lat' dir='ltr'><strong>tamen</strong></span> <span class='ocrx_word' id='word_1_99' title='bbox 951 1910 1449 1981; x_wconf 86' lang='lat' dir='ltr'><strong>Romanorum</strong></span> <span class='ocrx_word' id='word_1_100' title='bbox 1489 1906 1678 1980; x_wconf 79' lang='lat' dir='ltr'><strong>fama</strong></span> <span class='ocrx_word' id='word_1_101' title='bbox 1701 1909 2000 2006; x_wconf 88' lang='lat' dir='ltr'><strong>impune</strong></span> <span class='ocrx_word' id='word_1_102' title='bbox 2036 1899 2342 2004; x_wconf 81' lang='lat' dir='ltr'><strong>supplex</strong></span> 
     </span>
     <span class='ocr_line' id='line_1_14' title="bbox 181 2022 2343 2128; baseline -0.003 -27"><span class='ocrx_word' id='word_1_103' title='bbox 181 2030 448 2101; x_wconf 82' lang='lat' dir='ltr'><strong>abisset</strong></span> <span class='ocrx_word' id='word_1_104' title='bbox 555 2056 770 2128; x_wconf 80' lang='lat' dir='ltr'><strong>quam</strong></span> <span class='ocrx_word' id='word_1_105' title='bbox 821 2030 972 2103; x_wconf 88' lang='lat' dir='ltr'><strong>iure</strong></span> <span class='ocrx_word' id='word_1_106' title='bbox 1005 2029 1449 2128; x_wconf 84' lang='lat' dir='ltr'><strong>supplicium</strong></span> <span class='ocrx_word' id='word_1_107' title='bbox 1488 2026 1739 2101; x_wconf 84' lang='lat' dir='ltr'><strong>luisset</strong></span> <span class='ocrx_word' id='word_1_108' title='bbox 1761 2022 1793 2085; x_wconf 71' lang='grc'><strong><em>4</em></strong></span> <span class='ocrx_word' id='word_1_109' title='bbox 1821 2082 1839 2097; x_wconf 93' lang='grc'><strong>.</strong></span> <span class='ocrx_word' id='word_1_110' title='bbox 1872 2028 2203 2123; x_wconf 86' lang='lat' dir='ltr'><strong>Namque</strong></span> <span class='ocrx_word' id='word_1_111' title='bbox 2228 2035 2343 2095; x_wconf 82' lang='lat' dir='ltr'><strong>ta-</strong></span> 
     </span>
     <span class='ocr_line' id='line_1_15' title="bbox 179 2149 2337 2244; baseline -0.005 -21"><span class='ocrx_word' id='word_1_112' title='bbox 179 2152 366 2223; x_wconf 87' lang='lat' dir='ltr'><strong>lium</strong></span> <span class='ocrx_word' id='word_1_113' title='bbox 405 2150 548 2222; x_wconf 84' lang='lat' dir='ltr'><strong>faci</strong></span> <span class='ocrx_word' id='word_1_114' title='bbox 652 2176 813 2222; x_wconf 89' lang='lat' dir='ltr'><strong>rum</strong></span> <span class='ocrx_word' id='word_1_115' title='bbox 855 2174 1069 2221; x_wconf 86' lang='lat' dir='ltr'><strong>causa</strong></span> <span class='ocrx_word' id='word_1_116' title='bbox 1121 2149 1292 2221; x_wconf 82' lang='lat' dir='ltr'><strong>facti</strong></span> <span class='ocrx_word' id='word_1_117' title='bbox 1324 2150 1499 2221; x_wconf 80' lang='lat' dir='ltr'><strong>latet</strong></span> <span class='ocrx_word' id='word_1_118' title='bbox 1524 2204 1546 2241; x_wconf 81' lang='grc'><em>,</em></span> <span class='ocrx_word' id='word_1_119' title='bbox 1605 2149 1885 2220; x_wconf 84' lang='lat' dir='ltr'><strong>factum</strong></span> <span class='ocrx_word' id='word_1_120' title='bbox 1920 2155 2287 2244; x_wconf 83' lang='lat' dir='ltr'><strong>spectatur</strong></span> <span class='ocrx_word' id='word_1_121' title='bbox 2318 2175 2337 2214; x_wconf 70' lang='grc' dir='ltr'><em>ε</em></span> 
     </span>
     <span class='ocr_line' id='line_1_16' title="bbox 176 2258 2337 2368; baseline 0 -26"><span class='ocrx_word' id='word_1_122' title='bbox 176 2269 530 2367; x_wconf 83' lang='lat' dir='ltr'><strong>longeque</strong></span> <span class='ocrx_word' id='word_1_123' title='bbox 576 2295 668 2368; x_wconf 86' lang='lat' dir='ltr'><strong>pr</strong></span> <span class='ocrx_word' id='word_1_124' title='bbox 751 2281 894 2341; x_wconf 82' lang='lat' dir='ltr'><strong>stat</strong></span> <span class='ocrx_word' id='word_1_125' title='bbox 930 2269 1246 2342; x_wconf 89' lang='lat' dir='ltr'><strong>secundo</strong></span> <span class='ocrx_word' id='word_1_126' title='bbox 1285 2258 1602 2365; x_wconf 77' lang='lat' dir='ltr'><strong>gentium</strong></span> <span class='ocrx_word' id='word_1_127' title='bbox 1655 2290 1950 2339; x_wconf 84' lang='lat' dir='ltr'><strong>rumore</strong></span> <span class='ocrx_word' id='word_1_128' title='bbox 1995 2259 2337 2343; x_wconf 79' lang='lat' dir='ltr'><strong>iniuriam</strong></span> 
     </span>
     <span class='ocr_line' id='line_1_17' title="bbox 180 2383 2350 2485; baseline -0 -25"><span class='ocrx_word' id='word_1_129' title='bbox 180 2386 542 2483; x_wconf 85' lang='lat' dir='ltr'><strong>neglegere</strong></span> <span class='ocrx_word' id='word_1_130' title='bbox 563 2440 584 2474; x_wconf 83' lang='lat'><strong>,</strong></span> <span class='ocrx_word' id='word_1_131' title='bbox 637 2413 732 2485; x_wconf 91' lang='lat' dir='ltr'><strong>qu</strong></span> <span class='ocrx_word' id='word_1_132' title='bbox 901 2387 1204 2459; x_wconf 86' lang='lat' dir='ltr'><strong>aduerso</strong></span> <span class='ocrx_word' id='word_1_133' title='bbox 1270 2386 1638 2459; x_wconf 80' lang='lat' dir='ltr'><strong>uindicare</strong></span> <span class='ocrx_word' id='word_1_134' title='bbox 1666 2442 1684 2457; x_wconf 89' lang='lat'><strong>.</strong></span> <span class='ocrx_word' id='word_1_135' title='bbox 1742 2383 1948 2457; x_wconf 89' lang='lat' dir='ltr'><strong>Bello</strong></span> <span class='ocrx_word' id='word_1_136' title='bbox 1997 2386 2350 2483; x_wconf 63' lang='lat' dir='ltr'><strong>parthico²</strong></span> 
     </span>
     <span class='ocr_line' id='line_1_18' title="bbox 179 2502 2340 2603; baseline 0 -26"><span class='ocrx_word' id='word_1_137' title='bbox 179 2520 490 2603; x_wconf 78' lang='lat' dir='ltr'><strong>utroque</strong></span> <span class='ocrx_word' id='word_1_138' title='bbox 537 2504 939 2578; x_wconf 72' lang='lat' dir='ltr'><strong>consulares</strong></span> <span class='ocrx_word' id='word_1_139' title='bbox 985 2506 1121 2577; x_wconf 88' lang='lat' dir='ltr'><strong>uiri</strong></span> <span class='ocrx_word' id='word_1_140' title='bbox 1156 2505 1303 2577; x_wconf 86' lang='lat' dir='ltr'><strong>duo</strong></span> <span class='ocrx_word' id='word_1_141' title='bbox 1332 2506 1725 2580; x_wconf 75' lang='lat' dir='ltr'><strong>exercitum</strong></span> <span class='ocrx_word' id='word_1_142' title='bbox 1758 2502 2038 2603; x_wconf 76' lang='lat' dir='ltr'><strong>utrique</strong></span> <span class='ocrx_word' id='word_1_143' title='bbox 2071 2502 2340 2578; x_wconf 83' lang='lat' dir='ltr'><strong>ducen-</strong></span> 
     </span>
     <span class='ocr_line' id='line_1_19' title="bbox 183 2619 2337 2729; baseline -0 -31"><span class='ocrx_word' id='word_1_144' title='bbox 183 2642 292 2699; x_wconf 87' lang='lat' dir='ltr'><strong>tes</strong></span> <span class='ocrx_word' id='word_1_145' title='bbox 323 2626 737 2701; x_wconf 81' lang='lat' dir='ltr'><strong>obtruncati</strong></span> <span class='ocrx_word' id='word_1_146' title='bbox 760 2619 794 2677; x_wconf 88' lang='lat'><em>5</em></span> <span class='ocrx_word' id='word_1_147' title='bbox 826 2661 844 2697; x_wconf 72' lang='grc' dir='ltr'><em>ε</em></span> <span class='ocrx_word' id='word_1_148' title='bbox 867 2629 1284 2702; x_wconf 83' lang='lat' dir='ltr'><strong>Seuerianus</strong></span> <span class='ocrx_word' id='word_1_149' title='bbox 1304 2627 1601 2729; x_wconf 86' lang='lat' dir='ltr'><strong>quidem</strong></span> <span class='ocrx_word' id='word_1_150' title='bbox 1625 2628 1854 2700; x_wconf 90' lang='lat' dir='ltr'><strong>Lucio</strong></span> <span class='ocrx_word' id='word_1_151' title='bbox 1880 2625 1972 2697; x_wconf 82' lang='lat' dir='ltr'><strong>ab</strong></span> <span class='ocrx_word' id='word_1_152' title='bbox 2000 2625 2173 2719; x_wconf 76' lang='lat' dir='ltr'><strong>urbe</strong></span> <span class='ocrx_word' id='word_1_153' title='bbox 2207 2649 2337 2697; x_wconf 89' lang='lat' dir='ltr'><strong>nec</strong></span> 
     </span>
    </p>
   </div>
   <div class='ocr_carea' id='block_1_2' title="bbox 735 2422 854 2452">
    <p class='ocr_par' dir='ltr' id='par_1_2' title="bbox 735 2422 854 2452">
     <span class='ocr_line' id='line_1_20' title="bbox 735 2422 854 2452; baseline 0 2682"><span class='ocrx_word' id='word_1_154' title='bbox 735 2422 854 2452; x_wconf 95' lang='lat' dir='ltr'><strong> </strong></span> 
     </span>
    </p>
   </div>
   <div class='ocr_carea' id='block_1_3' title="bbox 189 2823 2332 2974">
    <p class='ocr_par' dir='ltr' id='par_1_3' title="bbox 189 2823 2332 2974">
     <span class='ocr_line' id='line_1_21' title="bbox 253 2823 2332 2899; baseline -0.001 -20"><span class='ocrx_word' id='word_1_155' title='bbox 253 2848 288 2879; x_wconf 84' lang='lat' dir='ltr'><strong><em>a</em></strong></span> <span class='ocrx_word' id='word_1_156' title='bbox 327 2830 404 2879; x_wconf 74' lang='lat' dir='ltr'><strong>In</strong></span> <span class='ocrx_word' id='word_1_157' title='bbox 436 2830 545 2881; x_wconf 81' lang='lat' dir='ltr'><strong>cod.</strong></span> <span class='ocrx_word' id='word_1_158' title='bbox 589 2847 632 2882; x_wconf 86' lang='lat'><strong>1.</strong></span> <span class='ocrx_word' id='word_1_159' title='bbox 665 2848 855 2892; x_wconf 60' lang='lat' dir='ltr'><strong>numu</strong></span> <span class='ocrx_word' id='word_1_160' title='bbox 898 2848 949 2883; x_wconf 73' lang='lat' dir='ltr'><strong>ut</strong></span> <span class='ocrx_word' id='word_1_161' title='bbox 993 2848 1040 2881; x_wconf 78' lang='lat'><strong>2.</strong></span> <span class='ocrx_word' id='word_1_162' title='bbox 1069 2832 1355 2899; x_wconf 70' lang='lat' dir='ltr'><strong>praeeuntis</strong></span> <span class='ocrx_word' id='word_1_163' title='bbox 1385 2864 1400 2880; x_wconf 86' lang='lat'>.</span> <span class='ocrx_word' id='word_1_164' title='bbox 1471 2828 1500 2879; x_wconf 79' lang='lat' dir='ltr'><em>b</em></span> <span class='ocrx_word' id='word_1_165' title='bbox 1539 2829 1620 2879; x_wconf 71' lang='lat' dir='ltr'><strong>Itu</strong></span> <span class='ocrx_word' id='word_1_166' title='bbox 1660 2828 1772 2879; x_wconf 83' lang='lat' dir='ltr'><strong>cod.</strong></span> <span class='ocrx_word' id='word_1_167' title='bbox 1839 2844 1869 2878; x_wconf 86' lang='lat' dir='ltr'><strong>c</strong></span> <span class='ocrx_word' id='word_1_168' title='bbox 1903 2826 2025 2879; x_wconf 81' lang='lat' dir='ltr'><strong>cod.</strong></span> <span class='ocrx_word' id='word_1_169' title='bbox 2060 2823 2169 2876; x_wconf 78' lang='lat' dir='ltr'><strong>heic</strong></span> <span class='ocrx_word' id='word_1_170' title='bbox 2204 2841 2253 2876; x_wconf 78' lang='lat' dir='ltr'><strong>et</strong></span> <span class='ocrx_word' id='word_1_171' title='bbox 2280 2843 2332 2893; x_wconf 82' lang='lat' dir='ltr'><strong>p.</strong></span> 
     </span>
     <span class='ocr_line' id='line_1_22' title="bbox 189 2900 1769 2974; baseline 0 -23"><span class='ocrx_word' id='word_1_172' title='bbox 189 2908 306 2967; x_wconf 81' lang='lat'>189.</span> <span class='ocrx_word' id='word_1_173' title='bbox 337 2920 390 2955; x_wconf 77' lang='lat' dir='ltr'><strong>v.</strong></span> <span class='ocrx_word' id='word_1_174' title='bbox 417 2906 632 2955; x_wconf 79' lang='lat' dir='ltr'><strong>15.cnm</strong></span> <span class='ocrx_word' id='word_1_175' title='bbox 657 2908 866 2974; x_wconf 74' lang='lat' dir='ltr'><strong>unic-&#39;p</strong></span> <span class='ocrx_word' id='word_1_176' title='bbox 893 2922 910 2963; x_wconf 82' lang='lat'>3</span> <span class='ocrx_word' id='word_1_177' title='bbox 934 2904 1016 2952; x_wconf 71' lang='lat' dir='ltr'><strong>sed</strong></span> <span class='ocrx_word' id='word_1_178' title='bbox 1053 2918 1170 2951; x_wconf 84' lang='lat' dir='ltr'><strong>mox</strong></span> <span class='ocrx_word' id='word_1_179' title='bbox 1212 2900 1340 2951; x_wconf 74' lang='lat' dir='ltr'><strong>infra</strong></span> <span class='ocrx_word' id='word_1_180' title='bbox 1380 2918 1495 2951; x_wconf 83' lang='lat' dir='ltr'><strong>cum</strong></span> <span class='ocrx_word' id='word_1_181' title='bbox 1539 2900 1769 2951; x_wconf 68' lang='lat' dir='ltr'><strong>duabus.</strong></span> 
     </span>
    </p>
   </div>
   <div class='ocr_carea' id='block_1_4' title="bbox 184 3047 2333 3218">
    <p class='ocr_par' dir='ltr' id='par_1_4' title="bbox 184 3047 2333 3218">
     <span class='ocr_line' id='line_1_23' title="bbox 277 3047 2333 3145; baseline -0.005 -18"><span class='ocrx_word' id='word_1_182' title='bbox 277 3092 322 3127; x_wconf 78' lang='grc' dir='ltr'><strong>ι·</strong></span> <span class='ocrx_word' id='word_1_183' title='bbox 351 3073 548 3129; x_wconf 78' lang='lat' dir='ltr'><strong>Testes</strong></span> <span class='ocrx_word' id='word_1_184' title='bbox 602 3069 716 3127; x_wconf 90' lang='lat' dir='ltr'><strong>Dio</strong></span> <span class='ocrx_word' id='word_1_185' title='bbox 758 3088 981 3125; x_wconf 66' lang='lat' dir='ltr'><strong>nxvm.</strong></span> <span class='ocrx_word' id='word_1_186' title='bbox 1027 3088 1117 3145; x_wconf 85' lang='lat'><strong>17,</strong></span> <span class='ocrx_word' id='word_1_187' title='bbox 1156 3081 1212 3124; x_wconf 83' lang='lat' dir='ltr'><strong>et</strong></span> <span class='ocrx_word' id='word_1_188' title='bbox 1294 3047 1592 3127; x_wconf 76' lang='lat' dir='ltr'><strong>nianisrex</strong></span> <span class='ocrx_word' id='word_1_189' title='bbox 1611 3067 1942 3127; x_wconf 84' lang='lat' dir='ltr'><strong>illedicitur</strong></span> <span class='ocrx_word' id='word_1_190' title='bbox 1962 3064 2229 3121; x_wconf 87' lang='lat' dir='ltr'><strong>dimissus</strong></span> <span class='ocrx_word' id='word_1_191' title='bbox 2247 3062 2333 3117; x_wconf 85' lang='lat' dir='ltr'><strong>in·-</strong></span> 
     </span>
     <span class='ocr_line' id='line_1_24' title="bbox 184 3148 2333 3218; baseline -0.005 -7"><span class='ocrx_word' id='word_1_192' title='bbox 184 3154 398 3211; x_wconf 85' lang='lat' dir='ltr'><strong>Victor</strong></span> <span class='ocrx_word' id='word_1_193' title='bbox 460 3174 683 3211; x_wconf 67' lang='lat' dir='ltr'><strong>xtvm.</strong></span> <span class='ocrx_word' id='word_1_194' title='bbox 757 3172 865 3217; x_wconf 76' lang='lat'><strong>¹03</strong></span> <span class='ocrx_word' id='word_1_195' title='bbox 917 3149 1218 3205; x_wconf 77' lang='lat' dir='ltr'><strong>contradi-</strong></span> <span class='ocrx_word' id='word_1_196' title='bbox 1301 3151 1544 3209; x_wconf 85' lang='lat' dir='ltr'><strong>columis</strong></span> <span class='ocrx_word' id='word_1_197' title='bbox 1577 3151 2131 3218; x_wconf 75' lang='lat' dir='ltr'><strong>aTraiano,tamen</strong></span> <span class='ocrx_word' id='word_1_198' title='bbox 2154 3148 2333 3201; x_wconf 81' lang='lat' dir='ltr'><strong>Fron-</strong></span> 
     </span>
    </p>
   </div>
   <div class='ocr_carea' id='block_1_5' title="bbox 175 3230 1220 3797">
    <p class='ocr_par' dir='ltr' id='par_1_5' title="bbox 185 3230 1214 3395">
     <span class='ocr_line' id='line_1_25' title="bbox 185 3230 1214 3311; baseline -0.004 -20"><span class='ocrx_word' id='word_1_199' title='bbox 185 3249 356 3292; x_wconf 78' lang='lat' dir='ltr'><strong>cente</strong></span> <span class='ocrx_word' id='word_1_200' title='bbox 381 3236 758 3311; x_wconf 82' lang='lat' dir='ltr'><strong>nequicquam</strong></span> <span class='ocrx_word' id='word_1_201' title='bbox 792 3230 984 3290; x_wconf 84' lang='lat' dir='ltr'><strong>Plinio</strong></span> <span class='ocrx_word' id='word_1_202' title='bbox 1002 3251 1214 3308; x_wconf 79' lang='lat' dir='ltr'><strong>paneg.</strong></span> 
     </span>
     <span class='ocr_line' id='line_1_26' title="bbox 185 3338 689 3395; baseline -0.008 -19"><span class='ocrx_word' id='word_1_203' title='bbox 185 3338 315 3395; x_wconf 86' lang='lat' dir='ltr'><strong>cap.</strong></span> <span class='ocrx_word' id='word_1_204' title='bbox 359 3338 492 3376; x_wconf 69' lang='lat' dir='ltr'><strong>xvi.</strong></span> <span class='ocrx_word' id='word_1_205' title='bbox 531 3338 689 3375; x_wconf 81' lang='lat' dir='ltr'>xvu.</span> 
     </span>
    </p>

    <p class='ocr_par' dir='ltr' id='par_1_6' title="bbox 267 3397 885 3459">
     <span class='ocr_line' id='line_1_27' title="bbox 267 3397 885 3459; baseline -0.015 0"><span class='ocrx_word' id='word_1_206' title='bbox 267 3422 300 3459; x_wconf 86' lang='lat'><em>2</em></span> <span class='ocrx_word' id='word_1_207' title='bbox 351 3400 463 3457; x_wconf 84' lang='lat' dir='ltr'><strong>Dio</strong></span> <span class='ocrx_word' id='word_1_208' title='bbox 505 3397 638 3456; x_wconf 90' lang='lat' dir='ltr'><strong>loco</strong></span> <span class='ocrx_word' id='word_1_209' title='bbox 673 3398 846 3456; x_wconf 78' lang='lat' dir='ltr'><strong>citato</strong></span> <span class='ocrx_word' id='word_1_210' title='bbox 873 3438 885 3451; x_wconf 93' lang='lat'>.</span> 
     </span>
    </p>

    <p class='ocr_par' dir='ltr' id='par_1_7' title="bbox 175 3475 1219 3721">
     <span class='ocr_line' id='line_1_28' title="bbox 269 3475 1219 3541; baseline -0.008 0"><span class='ocrx_word' id='word_1_211' title='bbox 269 3484 306 3541; x_wconf 87' lang='lat'>3</span> <span class='ocrx_word' id='word_1_212' title='bbox 351 3484 418 3541; x_wconf 86' lang='lat' dir='ltr'><strong>L.</strong></span> <span class='ocrx_word' id='word_1_213' title='bbox 469 3482 611 3539; x_wconf 84' lang='lat' dir='ltr'><strong>Veri</strong></span> <span class='ocrx_word' id='word_1_214' title='bbox 667 3479 968 3538; x_wconf 75' lang='lat' dir='ltr'><strong>clementia</strong></span> <span class='ocrx_word' id='word_1_215' title='bbox 1005 3475 1219 3533; x_wconf 81' lang='lat' dir='ltr'><strong>diserte</strong></span> 
     </span>
     <span class='ocr_line' id='line_1_29' title="bbox 180 3558 1216 3641; baseline -0.007 -18"><span class='ocrx_word' id='word_1_216' title='bbox 180 3566 468 3627; x_wconf 70' lang='lat' dir='ltr'><strong>laudatur,</strong></span> <span class='ocrx_word' id='word_1_217' title='bbox 501 3585 534 3621; x_wconf 75' lang='lat' dir='ltr'><strong>a</strong></span> <span class='ocrx_word' id='word_1_218' title='bbox 585 3564 894 3641; x_wconf 68' lang='lat' dir='ltr'><strong>Spar-tiano</strong></span> <span class='ocrx_word' id='word_1_219' title='bbox 953 3560 1015 3617; x_wconf 90' lang='lat' dir='ltr'><strong>in</strong></span> <span class='ocrx_word' id='word_1_220' title='bbox 1047 3558 1216 3616; x_wconf 87' lang='lat' dir='ltr'><strong>Aelio</strong></span> 
     </span>
     <span class='ocr_line' id='line_1_30' title="bbox 175 3647 652 3721; baseline -0.013 -14"><span class='ocrx_word' id='word_1_221' title='bbox 175 3648 347 3707; x_wconf 83' lang='lat' dir='ltr'><strong>&#39;Vero</strong></span> <span class='ocrx_word' id='word_1_222' title='bbox 383 3666 508 3721; x_wconf 81' lang='lat' dir='ltr'><strong>cap.</strong></span> <span class='ocrx_word' id='word_1_223' title='bbox 545 3647 652 3703; x_wconf 80' lang='lat' dir='ltr'><strong>ult.</strong></span> 
     </span>
    </p>

    <p class='ocr_par' dir='ltr' id='par_1_8' title="bbox 247 3725 1220 3797">
     <span class='ocr_line' id='line_1_31' title="bbox 247 3725 1220 3797; baseline -0.007 -9"><span class='ocrx_word' id='word_1_224' title='bbox 247 3736 282 3797; x_wconf 75' lang='grc'><em>4</em></span> <span class='ocrx_word' id='word_1_225' title='bbox 310 3728 788 3787; x_wconf 75' lang='lat' dir='ltr'><strong>Parthamasirem</strong></span> <span class='ocrx_word' id='word_1_226' title='bbox 813 3725 1114 3786; x_wconf 81' lang='lat' dir='ltr'><strong>Armeniae</strong></span> <span class='ocrx_word' id='word_1_227' title='bbox 1134 3744 1220 3781; x_wconf 82' lang='lat' dir='ltr'><strong>re-</strong></span> 
     </span>
    </p>
   </div>
   <div class='ocr_carea' id='block_1_6' title="bbox 165 3808 1224 3967">
    <p class='ocr_par' dir='ltr' id='par_1_9' title="bbox 165 3808 1224 3967">
     <span class='ocr_line' id='line_1_32' title="bbox 183 3808 1224 3889; baseline -0.007 -21"><span class='ocrx_word' id='word_1_228' title='bbox 183 3832 322 3889; x_wconf 82' lang='lat' dir='ltr'><strong>gem</strong></span> <span class='ocrx_word' id='word_1_229' title='bbox 341 3832 374 3867; x_wconf 78' lang='lat' dir='ltr'><strong>a</strong></span> <span class='ocrx_word' id='word_1_230' title='bbox 394 3811 642 3868; x_wconf 81' lang='lat' dir='ltr'><strong>Traiano</strong></span> <span class='ocrx_word' id='word_1_231' title='bbox 663 3810 912 3869; x_wconf 82' lang='lat' dir='ltr'><strong>occisum</strong></span> <span class='ocrx_word' id='word_1_232' title='bbox 933 3809 1113 3868; x_wconf 74' lang='lat' dir='ltr'><strong>tradit</strong></span> <span class='ocrx_word' id='word_1_233' title='bbox 1135 3808 1224 3863; x_wconf 81' lang='lat' dir='ltr'><strong>di-</strong></span> 
     </span>
     <span class='ocr_line' id='line_1_33' title="bbox 165 3890 1214 3967; baseline -0.006 -14"><span class='ocrx_word' id='word_1_234' title='bbox 165 3896 340 3953; x_wconf 64' lang='lat' dir='ltr'><strong>&#39;serie</strong></span> <span class='ocrx_word' id='word_1_235' title='bbox 391 3914 520 3949; x_wconf 88' lang='lat' dir='ltr'><strong>cum</strong></span> <span class='ocrx_word' id='word_1_236' title='bbox 565 3896 858 3950; x_wconf 69' lang='lat' dir='ltr'><strong>Frontone</strong></span> <span class='ocrx_word' id='word_1_237' title='bbox 901 3890 1214 3967; x_wconf 77' lang='lat' dir='ltr'><strong>Eutropius</strong></span> 
     </span>
    </p>
   </div>
   <div class='ocr_carea' id='block_1_7' title="bbox 176 3974 1221 4145">
    <p class='ocr_par' dir='ltr' id='par_1_10' title="bbox 176 3974 1221 4145">
     <span class='ocr_line' id='line_1_34' title="bbox 176 3974 1219 4053; baseline -0.006 -20"><span class='ocrx_word' id='word_1_238' title='bbox 176 3978 324 4033; x_wconf 78' lang='lat' dir='ltr'><strong>hist.</strong></span> <span class='ocrx_word' id='word_1_239' title='bbox 348 3995 469 4032; x_wconf 77' lang='lat' dir='ltr'><strong>vin</strong></span> <span class='ocrx_word' id='word_1_240' title='bbox 501 3974 852 4053; x_wconf 77' lang='lat' dir='ltr'><strong>2.xipl1ilini</strong></span> <span class='ocrx_word' id='word_1_241' title='bbox 870 3995 1098 4050; x_wconf 85' lang='lat' dir='ltr'><strong>quoque</strong></span> <span class='ocrx_word' id='word_1_242' title='bbox 1120 3995 1219 4028; x_wconf 77' lang='lat' dir='ltr'><strong>ex·-</strong></span> 
     </span>
     <span class='ocr_line' id='line_1_35' title="bbox 183 4057 1221 4145; baseline -0.012 -27"><span class='ocrx_word' id='word_1_243' title='bbox 183 4070 388 4137; x_wconf 80' lang='lat' dir='ltr'><strong>cerpta</strong></span> <span class='ocrx_word' id='word_1_244' title='bbox 407 4058 576 4114; x_wconf 85' lang='lat' dir='ltr'><strong>Dion.</strong></span> <span class='ocrx_word' id='word_1_245' title='bbox 601 4071 820 4117; x_wconf 68' lang='lat' dir='ltr'><strong>txvnt.</strong></span> <span class='ocrx_word' id='word_1_246' title='bbox 863 4080 882 4115; x_wconf 84' lang='grc' dir='ltr'>ι</span> <span class='ocrx_word' id='word_1_247' title='bbox 899 4060 931 4113; x_wconf 89' lang='grc'>8</span> <span class='ocrx_word' id='word_1_248' title='bbox 954 4057 1221 4145; x_wconf 55' lang='grc' dir='ltr'>Παρθη-</span> 
     </span>
    </p>
   </div>
   <div class='ocr_carea' id='block_1_8' title="bbox 182 4136 1222 4240">
    <p class='ocr_par' dir='ltr' id='par_1_11' title="bbox 182 4136 1222 4240">
     <span class='ocr_line' id='line_1_36' title="bbox 182 4136 1222 4240; baseline 0.001 -35"><span class='ocrx_word' id='word_1_249' title='bbox 182 4139 440 4228; x_wconf 74' lang='grc' dir='ltr'><strong>μσίσιριν</strong></span> <span class='ocrx_word' id='word_1_250' title='bbox 469 4136 897 4240; x_wconf 44' lang='grc' dir='ltr'><strong>ι’τιμξιρίσαιτο</strong></span> <span class='ocrx_word' id='word_1_251' title='bbox 926 4190 942 4205; x_wconf 94' lang='grc'><strong>.</strong></span> <span class='ocrx_word' id='word_1_252' title='bbox 996 4156 1222 4221; x_wconf 81' lang='lat' dir='ltr'><strong>Quam-</strong></span> 
     </span>
    </p>
   </div>
   <div class='ocr_carea' id='block_1_9' title="bbox 1297 3229 2349 4231">
    <p class='ocr_par' dir='ltr' id='par_1_12' title="bbox 1297 3229 2349 4231">
     <span class='ocr_line' id='line_1_37' title="bbox 1301 3229 2291 3311; baseline -0.006 -20"><span class='ocrx_word' id='word_1_253' title='bbox 1301 3234 1428 3293; x_wconf 83' lang='lat' dir='ltr'><strong>toni</strong></span> <span class='ocrx_word' id='word_1_254' title='bbox 1463 3234 1656 3311; x_wconf 74' lang='lat' dir='ltr'><strong>potior</strong></span> <span class='ocrx_word' id='word_1_255' title='bbox 1685 3232 1833 3289; x_wconf 84' lang='lat' dir='ltr'><strong>fides</strong></span> <span class='ocrx_word' id='word_1_256' title='bbox 1862 3229 2134 3289; x_wconf 73' lang='lat' dir='ltr'><strong>habenda</strong></span> <span class='ocrx_word' id='word_1_257' title='bbox 2169 3240 2255 3283; x_wconf 86' lang='lat' dir='ltr'><strong>est</strong></span> <span class='ocrx_word' id='word_1_258' title='bbox 2276 3270 2291 3285; x_wconf 85' lang='lat'>.</span> 
     </span>
     <span class='ocr_line' id='line_1_38' title="bbox 1383 3310 2335 3388; baseline -0.008 -15"><span class='ocrx_word' id='word_1_259' title='bbox 1383 3314 1420 3373; x_wconf 76' lang='grc'>5</span> <span class='ocrx_word' id='word_1_260' title='bbox 1463 3320 1550 3373; x_wconf 85' lang='lat' dir='ltr'><strong>De</strong></span> <span class='ocrx_word' id='word_1_261' title='bbox 1584 3316 1833 3374; x_wconf 76' lang='lat' dir='ltr'><strong>Maximo</strong></span> <span class='ocrx_word' id='word_1_262' title='bbox 1863 3312 2099 3388; x_wconf 81' lang='lat' dir='ltr'><strong>quidem</strong></span> <span class='ocrx_word' id='word_1_263' title='bbox 2142 3310 2335 3370; x_wconf 79' lang='lat' dir='ltr'><strong>recole</strong></span> 
     </span>
     <span class='ocr_line' id='line_1_39' title="bbox 1301 3391 2337 3477; baseline -0.01 -20"><span class='ocrx_word' id='word_1_264' title='bbox 1301 3398 1439 3457; x_wconf 85' lang='lat' dir='ltr'><strong>bell.</strong></span> <span class='ocrx_word' id='word_1_265' title='bbox 1463 3398 1721 3477; x_wconf 62' lang='lat' dir='ltr'><strong>parthp.</strong></span> <span class='ocrx_word' id='word_1_266' title='bbox 1745 3416 1876 3455; x_wconf 82' lang='lat'><strong>200.</strong></span> <span class='ocrx_word' id='word_1_267' title='bbox 1900 3416 2025 3453; x_wconf 57' lang='lat' dir='ltr'><strong>na.</strong></span> <span class='ocrx_word' id='word_1_268' title='bbox 2048 3391 2144 3450; x_wconf 78' lang='lat' dir='ltr'><strong>Ad</strong></span> <span class='ocrx_word' id='word_1_269' title='bbox 2164 3393 2337 3447; x_wconf 85' lang='lat' dir='ltr'><strong>Seue-</strong></span> 
     </span>
     <span class='ocr_line' id='line_1_40' title="bbox 1300 3474 2349 3555; baseline -0.005 -18"><span class='ocrx_word' id='word_1_270' title='bbox 1300 3482 1528 3537; x_wconf 83' lang='lat' dir='ltr'><strong>rianum</strong></span> <span class='ocrx_word' id='word_1_271' title='bbox 1553 3480 1715 3555; x_wconf 86' lang='lat' dir='ltr'><strong>quod</strong></span> <span class='ocrx_word' id='word_1_272' title='bbox 1737 3480 1964 3535; x_wconf 79' lang='lat' dir='ltr'><strong>adtinet</strong></span> <span class='ocrx_word' id='word_1_273' title='bbox 1982 3519 2001 3547; x_wconf 88' lang='lat'><strong><em>,</em></strong></span> <span class='ocrx_word' id='word_1_274' title='bbox 2044 3494 2173 3532; x_wconf 82' lang='lat' dir='ltr'><strong>eum</strong></span> <span class='ocrx_word' id='word_1_275' title='bbox 2193 3474 2349 3532; x_wconf 80' lang='lat' dir='ltr'><strong>suis·-</strong></span> 
     </span>
     <span class='ocr_line' id='line_1_41' title="bbox 1300 3558 2335 3637; baseline -0.008 -16"><span class='ocrx_word' id='word_1_276' title='bbox 1300 3585 1358 3621; x_wconf 84' lang='lat' dir='ltr'><strong>se</strong></span> <span class='ocrx_word' id='word_1_277' title='bbox 1377 3565 1607 3620; x_wconf 75' lang='lat' dir='ltr'><strong>natione</strong></span> <span class='ocrx_word' id='word_1_278' title='bbox 1642 3562 1861 3637; x_wconf 79' lang='lat' dir='ltr'><strong>gallum</strong></span> <span class='ocrx_word' id='word_1_279' title='bbox 1884 3561 2054 3618; x_wconf 79' lang='lat' dir='ltr'><strong>docet</strong></span> <span class='ocrx_word' id='word_1_280' title='bbox 2077 3575 2181 3613; x_wconf 76' lang='lat' dir='ltr'><strong>nos</strong></span> <span class='ocrx_word' id='word_1_281' title='bbox 2211 3558 2335 3615; x_wconf 86' lang='lat' dir='ltr'><strong>Lu-</strong></span> 
     </span>
     <span class='ocr_line' id='line_1_42' title="bbox 1306 3644 2335 3721; baseline -0.01 -18"><span class='ocrx_word' id='word_1_282' title='bbox 1306 3646 1498 3703; x_wconf 86' lang='lat' dir='ltr'><strong>cianus</strong></span> <span class='ocrx_word' id='word_1_283' title='bbox 1539 3644 1944 3721; x_wconf 79' lang='lat' dir='ltr'><strong>pseudomant.</strong></span> <span class='ocrx_word' id='word_1_284' title='bbox 1976 3662 2103 3718; x_wconf 72' lang='lat' dir='ltr'><strong>cup.</strong></span> <span class='ocrx_word' id='word_1_285' title='bbox 2126 3658 2335 3697; x_wconf 81' lang='lat' dir='ltr'><strong>xxvn:</strong></span> 
     </span>
     <span class='ocr_line' id='line_1_43' title="bbox 1303 3719 2339 3804; baseline -0.011 -19"><span class='ocrx_word' id='word_1_286' title='bbox 1303 3742 1424 3785; x_wconf 81' lang='lat' dir='ltr'><strong>tum</strong></span> <span class='ocrx_word' id='word_1_287' title='bbox 1445 3748 1499 3804; x_wconf 89' lang='lat' dir='ltr'><strong>q.</strong></span> <span class='ocrx_word' id='word_1_288' title='bbox 1519 3728 1656 3784; x_wconf 76' lang='lat' dir='ltr'><strong>hist.</strong></span> <span class='ocrx_word' id='word_1_289' title='bbox 1683 3746 1807 3803; x_wconf 75' lang='lat' dir='ltr'><strong>cap.</strong></span> <span class='ocrx_word' id='word_1_290' title='bbox 1830 3749 1936 3784; x_wconf 73' lang='lat' dir='ltr'><strong>xxi</strong></span> <span class='ocrx_word' id='word_1_291' title='bbox 1960 3739 2017 3784; x_wconf 76' lang='lat' dir='ltr'><strong>et</strong></span> <span class='ocrx_word' id='word_1_292' title='bbox 2042 3742 2164 3780; x_wconf 80' lang='lat' dir='ltr'><strong>xxv</strong></span> <span class='ocrx_word' id='word_1_293' title='bbox 2184 3719 2339 3777; x_wconf 81' lang='lat' dir='ltr'><strong>ridi-</strong></span> 
     </span>
     <span class='ocr_line' id='line_1_44' title="bbox 1309 3810 2339 3884; baseline -0.014 -15"><span class='ocrx_word' id='word_1_294' title='bbox 1309 3810 1465 3869; x_wconf 84' lang='lat' dir='ltr'><strong>culas</strong></span> <span class='ocrx_word' id='word_1_295' title='bbox 1487 3811 1560 3867; x_wconf 89' lang='lat' dir='ltr'><strong>de</strong></span> <span class='ocrx_word' id='word_1_296' title='bbox 1595 3810 1796 3867; x_wconf 84' lang='lat' dir='ltr'><strong>mortis</strong></span> <span class='ocrx_word' id='word_1_297' title='bbox 1831 3810 1953 3866; x_wconf 84' lang='lat' dir='ltr'><strong>eius</strong></span> <span class='ocrx_word' id='word_1_298' title='bbox 1982 3822 2191 3884; x_wconf 83' lang='lat' dir='ltr'><strong>genere</strong></span> <span class='ocrx_word' id='word_1_299' title='bbox 2208 3822 2339 3857; x_wconf 76' lang='lat' dir='ltr'><strong>nar-</strong></span> 
     </span>
     <span class='ocr_line' id='line_1_45' title="bbox 1297 3883 2330 3967; baseline -0.015 -16"><span class='ocrx_word' id='word_1_300' title='bbox 1297 3894 1546 3951; x_wconf 82' lang='lat' dir='ltr'><strong>rationes</strong></span> <span class='ocrx_word' id='word_1_301' title='bbox 1564 3904 1846 3950; x_wconf 78' lang='lat' dir='ltr'><strong>memorat</strong></span> <span class='ocrx_word' id='word_1_302' title='bbox 1878 3892 2206 3967; x_wconf 76' lang='lat' dir='ltr'><strong>ineplorum</strong></span> <span class='ocrx_word' id='word_1_303' title='bbox 2239 3883 2330 3940; x_wconf 86' lang='lat' dir='ltr'><strong>hi-</strong></span> 
     </span>
     <span class='ocr_line' id='line_1_46' title="bbox 1299 3969 2331 4034; baseline -0.01 -2"><span class='ocrx_word' id='word_1_304' title='bbox 1299 3978 1643 4034; x_wconf 73' lang='lat' dir='ltr'><strong>storicorum</strong></span> <span class='ocrx_word' id='word_1_305' title='bbox 1664 4019 1677 4032; x_wconf 92' lang='lat'><em>.</em></span> <span class='ocrx_word' id='word_1_306' title='bbox 1730 3976 1817 4033; x_wconf 84' lang='lat' dir='ltr'><strong>Re</strong></span> <span class='ocrx_word' id='word_1_307' title='bbox 1852 3988 2041 4029; x_wconf 78' lang='lat' dir='ltr'><strong>nutem</strong></span> <span class='ocrx_word' id='word_1_308' title='bbox 2075 3987 2210 4025; x_wconf 81' lang='lat' dir='ltr'><strong>uera</strong></span> <span class='ocrx_word' id='word_1_309' title='bbox 2229 3969 2331 4024; x_wconf 85' lang='lat' dir='ltr'><strong>Se-</strong></span> 
     </span>
     <span class='ocr_line' id='line_1_47' title="bbox 1305 4049 2327 4137; baseline -0.009 -22"><span class='ocrx_word' id='word_1_310' title='bbox 1305 4061 1570 4117; x_wconf 80' lang='lat' dir='ltr'><strong>uerianus</strong></span> <span class='ocrx_word' id='word_1_311' title='bbox 1589 4059 1694 4119; x_wconf 86' lang='lat' dir='ltr'><strong>sub</strong></span> <span class='ocrx_word' id='word_1_312' title='bbox 1718 4059 1899 4116; x_wconf 78' lang='lat' dir='ltr'><strong>initiis</strong></span> <span class='ocrx_word' id='word_1_313' title='bbox 1915 4051 2167 4137; x_wconf 71' lang='lat' dir='ltr'><strong>parthici</strong></span> <span class='ocrx_word' id='word_1_314' title='bbox 2187 4049 2327 4108; x_wconf 76' lang='lat' dir='ltr'><strong>belli</strong></span> 
     </span>
     <span class='ocr_line' id='line_1_48' title="bbox 1305 4136 2331 4231; baseline -0.014 -33"><span class='ocrx_word' id='word_1_315' title='bbox 1305 4162 1430 4201; x_wconf 87' lang='lat' dir='ltr'><strong>cum</strong></span> <span class='ocrx_word' id='word_1_316' title='bbox 1464 4145 1691 4222; x_wconf 81' lang='lat' dir='ltr'><strong>integra</strong></span> <span class='ocrx_word' id='word_1_317' title='bbox 1711 4140 1941 4231; x_wconf 46' lang='lat' dir='ltr'><strong>legionae</strong></span> <span class='ocrx_word' id='word_1_318' title='bbox 1958 4184 1976 4211; x_wconf 90' lang='lat'>‚</span> <span class='ocrx_word' id='word_1_319' title='bbox 2006 4136 2151 4194; x_wconf 79' lang='lat' dir='ltr'><strong>mala</strong></span> <span class='ocrx_word' id='word_1_320' title='bbox 2171 4154 2331 4219; x_wconf 60' lang='lat' dir='ltr'><strong>pug-</strong></span> 
     </span>
    </p>
   </div>
   <div class='ocr_carea' id='block_1_10' title="bbox 188 4232 2087 4313">
    <p class='ocr_par' dir='ltr' id='par_1_13' title="bbox 188 4232 2087 4313">
     <span class='ocr_line' id='line_1_49' title="bbox 188 4232 2087 4313; baseline -0.005 -26"><span class='ocrx_word' id='word_1_321' title='bbox 188 4251 368 4309; x_wconf 83' lang='lat' dir='ltr'><strong>quam</strong></span> <span class='ocrx_word' id='word_1_322' title='bbox 412 4240 608 4286; x_wconf 75' lang='lat' dir='ltr'><strong>nutem</strong></span> <span class='ocrx_word' id='word_1_323' title='bbox 641 4249 704 4286; x_wconf 84' lang='lat' dir='ltr'><strong>m</strong></span> <span class='ocrx_word' id='word_1_324' title='bbox 751 4232 1038 4313; x_wconf 79' lang='lat' dir='ltr'><strong>excerptis</strong></span> <span class='ocrx_word' id='word_1_325' title='bbox 1069 4232 1225 4293; x_wconf 77' lang='lat' dir='ltr'><strong>ursi-</strong></span> <span class='ocrx_word' id='word_1_326' title='bbox 1303 4244 1378 4283; x_wconf 77' lang='lat' dir='ltr'><strong>na</strong></span> <span class='ocrx_word' id='word_1_327' title='bbox 1397 4242 1690 4309; x_wconf 74' lang='lat' dir='ltr'><strong>pugnata,</strong></span> <span class='ocrx_word' id='word_1_328' title='bbox 1738 4244 1937 4285; x_wconf 78' lang='lat' dir='ltr'><strong>caesus</strong></span> <span class='ocrx_word' id='word_1_329' title='bbox 1970 4235 2087 4283; x_wconf 74' lang='lat' dir='ltr'><strong>est.</strong></span> 
     </span>
    </p>
   </div>
   <div class='ocr_carea' id='block_1_11' title="bbox 285 4326 640 4411">
    <p class='ocr_par' dir='ltr' id='par_1_14' title="bbox 285 4326 640 4411">
     <span class='ocr_line' id='line_1_50' title="bbox 285 4326 640 4411; baseline -0.023 0"><span class='ocrx_word' id='word_1_330' title='bbox 285 4326 480 4411; x_wconf 80' lang='lat' dir='ltr'><strong>Vol.</strong></span> <span class='ocrx_word' id='word_1_331' title='bbox 516 4328 640 4405; x_wconf 88' lang='grc' dir='ltr'><strong>ΙΙ.</strong></span> 
     </span>
    </p>
   </div>
   <div class='ocr_carea' id='block_1_12' title="bbox 1712 4354 1801 4403">
    <p class='ocr_par' dir='ltr' id='par_1_15' title="bbox 1712 4354 1801 4403">
     <span class='ocr_line' id='line_1_51' title="bbox 1712 4354 1801 4403; baseline 0 0"><span class='ocrx_word' id='word_1_332' title='bbox 1712 4354 1801 4403; x_wconf 78' lang='lat'><strong>21</strong></span> 
     </span>
    </p>
   </div>
  </div>
 </body>
</html>
