3384 5134
952 464 999 513 1.
1030 464 1057 513 1
1086 467 1121 511 n
1151 460 1192 513 ε
1218 467 1261 514 n
1334 463 1471 513 1111

146 562 538 639 addiderim
578 618 596 635 .
654 564 901 668 Neque
937 564 1133 639 enim
1185 561 1595 669 periculum
1652 580 1766 641 est
1797 621 1820 661 ,
1875 571 2122 671 nequis
2172 471 2284 647 lie?

143 688 477 769 eticulam
526 703 651 760 aut
707 688 955 761 redam
992 702 1023 737 ²
1064 742 1090 782 .‚
1128 701 1251 759 aut
1305 686 1661 759 citharam
1692 682 1732 737 ¹³
1768 689 2134 765 triremem
2177 668 2290 765 di:

766 772 939 797 fid*

145 808 202 880 ci
234 810 625 883 arbitretur
651 864 672 879 .
708 810 899 881 Tum
934 822 1295 907 praeterea
1316 820 1346 853 ⁰
1376 832 1605 907 quom
1636 833 2281 907 commemorares,

50 906 59 913 ’
142 951 260 1001 cur
302 928 556 1003 Parthi
592 942 611 975 ¹
646 924 997 1003 manuleis
1027 912 1427 1005 laxioribus
1456 942 1818 1011 uterentur
1846 986 1868 1023 ‚
1923 933 2021 1004 ita
2049 990 2070 1026 ‚
2109 934 2284 1035 opi..

140 1075 267 1123 nor
298 1108 321 1147 ‚
379 1049 787 1151 scripsisti,
844 1045 1241 1123 interuallis
1289 1049 1507 1129 uestis
1553 1065 1830 1123 aestum
1867 1068 1950 1125 ut
1985 1033 2285 1155 suspen·-

144 1173 213 1247 di
262 1174 533 1249 diceres
564 1232 581 1246 .
635 1174 779 1247 Ain
828 1169 1119 1244 tandem
1151 1227 1173 1265 ‚
1230 1198 1377 1271 quo
1426 1187 1647 1273 pacto
1690 1192 1924 1251 aestus
1979 1202 2284 1275 suspen-

140 1294 323 1369 ditur
352 1289 399 1371 ?
448 1295 699 1397 Neque
731 1297 808 1368 id
871 1298 1353 1399 repraehendo
1380 1356 1402 1394 ‚
1461 1315 1527 1372 te
1578 1298 1778 1370 uerbi
1821 1294 2286 1369 translatione

144 1418 479 1490 audacius
514 1443 973 1517 progressum
1010 1454 1028 1491 a
1066 1422 1337 1521 quippe
1365 1422 1489 1521 qui
1516 1422 1723 1493 Enni·
1748 1418 2086 1491 sententia
2123 1443 2286 1491 ora-

146 1550 369 1609 torem
410 1536 759 1613 audacem
812 1564 963 1611 esse
1016 1538 1269 1611 debere
1302 1552 1337 1623 ’ἦ
1376 1564 1740 1613 censeam.
1807 1537 1914 1607 Sit
1946 1563 2112 1609 sane
2165 1564 2292 1608 au·-

142 1656 277 1729 dax
334 1671 583 1730 orator
610 1714 632 1751 ,
689 1652 779 1729 ut'
802 1658 1079 1729 Ennius
1112 1659 1496 1757 postulatt,
1555 1658 1679 1730 sed
1737 1686 1776 1729 a
1811 1656 2284 1755 significando

140 1772 331 1881 quod
362 1774 523 1848 uolt
548 1772 837 1876 eloqui,
874 1801 1234 1879 nusquam
1274 1774 1714 1873 digrediatur
1745 1770 1788 1811 *
1819 1833 1840 1865 ‚¹
1893 1777 2118 1873 Igitur
2148 1803 2284 1848 uo-

140 1890 485 1975 luntatem
519 1895 813 1995 quidem
861 1910 1061 1993 tuam
1100 1922 1361 1993 magno
1418 1922 1635 1995 opere
1662 1896 1972 1996 probaui
2023 1894 2282 1969 laud'a'-

142 2014 343 2115 bique
380 2010 423 2063 d
455 2043 681 2117 quom
724 2018 1027 2091 uerbum
1064 2044 1395 2118 quaerere
1442 2017 1812 2115 adgressus
1863 2043 1978 2111 es.·,
2028 2016 2282 2101 inditi...

144 2139 449 2233 gentiam
474 2150 504 2184 θ
540 2154 782 2213 autem
826 2140 1128 2239 quaesiti
1164 2139 1362 2212 uerbi
1389 2195 1414 2234 ‚
1468 2138 1671 2240 quod
1705 2152 1888 2213 esset
1919 2138 2230 2211 absurda
2257 2194 2284 2232 .,

140 2258 601 2359 repraehendi
621 2293 639 2329 ε
678 2287 986 2361 namque
1034 2260 1535 2333 manuleorum
1588 2257 1984 2331 interuallis·
2020 2316 2042 2353 .,
2100 2282 2284 2359 quae

138 2378 500 2452 interdum
554 2377 791 2453 laxata
852 2381 1181 2454 uidemus
1216 2395 1429 2479 atque
1496 2378 1846 2452 fluitantia
1873 2434 1894 2473 ‚
1943 2376 2283 2476 suspendi

138 2515 363 2575 aestus
396 2528 547 2581 non
598 2518 840 2601 potest
874 2502 895 2573 'e
947 2516 1193 2603 potest
1226 2514 1459 2574 aestus
1494 2526 1624 2599 per-
1654 2500 1874 2573 uestis
1906 2497 2284 2575 interualla

138 2622 401 2724 depelli
428 2678 454 2718 .‚
510 2637 757 2723 potest
821 2622 979 2721 degi
1005 2678 1025 2717 ,
1084 2637 1329 2723 potest
1381 2620 1707 2693 demeare
1742 2676 1764 2715 ‚
1822 2632 2070 2720 potest
2144 2618 2288 2690 cir-

140 2744 487 2819 cumduci
519 2800 543 2837 .,
585 2758 829 2846 potest
859 2744 1225 2817 interuerti
1252 2799 1274 2836 .,
1332 2754 1572 2841 potest
1616 2740 1986 2818 euentilari
2015 2774 2034 2811 ε
2115 2764 2287 2825 omf-

140 2867 251 2937 nia
274 2866 585 2968 denique
606 2866 851 2967 potius
874 2880 1119 2965 potest
1137 2922 1158 2959 .,
1178 2890 1397 2964 quam
1430 2888 1647 2963 posse
1687 2861 2053 2961 suspendit,
2086 2855 2291 2960 quod

144 2988 449 3061 uerbum
505 2978 846 3088 suspendi
874 2981 1248 3062 ¹'sustineri
1274 3043 1297 3083 .‚
1352 3010 1502 3058 non
1533 3010 1665 3085 per
1699 2983 2108 3059 laxamenta
2157 2980 2292 3052 de-

136 3108 313 3185 duci
341 3167 364 3204 ‚
410 3110 765 3214 significat
792 3162 815 3186 .

316 3346 353 3375 “
400 3342 503 3417 M
552 3338 662 3407 Sic
721 3358 957 3407 orator
1017 3338 1231 3404 audax
1311 3354 1379 3401 et
1440 3335 1804 3401 uerborum
1860 3324 2291 3393 translatione

146 3458 568 3527 progressus,
608 3433 722 3500 sed
757 3458 794 3497 a
830 3429 1265 3523 significando
1301 3430 1483 3518 quod
1520 3424 1667 3492 uolt
1702 3420 1931 3509 eloqui
1966 3440 2294 3507 nusquam

147 3528 559 3619 digrediatur
586 3574 603 3590 .

166 3638 2284 3681 *W*

143 3736 151 3745 ’
213 3768 249 3799 c.
282 3748 361 3799 Ita
396 3745 504 3797 cod.
546 3763 645 3794 non
678 3743 883 3793 rheda-m
901 3775 914 3789 .
985 3740 1015 3791 b
1052 3738 1172 3793 Cud.
1223 3727 1470 3786 ‚emmam
1509 3772 1524 3794 ‚
1562 3753 1689 3803 quae
1740 3736 1978 3800 scriptura
2026 3730 2182 3801 uergit
2233 3729 2296 3781 ‚d

148 3824 401 3891 tulga-em
438 3818 675 3867 Italorum
716 3815 1165 3881 pronunciationem
1204 3811 1423 3858 chitarm
1443 3846 1453 3857 .
1494 3806 1589 3861 Sed
1622 3808 1748 3856 bene
1775 3806 1995 3871 nuperiu-
2026 3815 2134 3850 1111.
2181 3819 2221 3851 1.
2241 3820 2293 3867 p.

149 3915 226 3963 90.
294 3912 323 3943 c
359 3890 485 3941 eod.
530 3898 817 3959 praetereo.
886 3885 923 3932 d
957 3885 1031 3933 Ita
1067 3880 1177 3933 cod.
1212 3898 1306 3965 pre·
1342 3878 1673 3949 laudatique.
1744 3894 1771 3925 e
1804 3878 1882 3929 Ita
1929 3874 2040 3958 cod.
2102 3867 2156 3945 f
2175 3870 2298 3932 eod,

146 3986 237 4037 pro
268 3960 505 4035 suspendi
545 3960 692 4011 habet
720 3956 951 4009 mendose
981 3972 1125 4025 super
1158 3962 1329 4022 nequet
1342 3989 1355 4001 .

236 4098 259 4134 1
284 4078 441 4133 Hznc
459 4072 979 4130 uidesFrontonem
994 4086 1183 4123 emen·
1267 4064 1341 4121 de
1402 4063 1573 4121 rebus
1640 4060 1934 4141 parthicis
1984 4056 2301 4137 persicisuo

156 4160 293 4215 dare
332 4162 431 4216 -M·
476 4152 737 4213 Caesaris
774 4148 1087 4207 orationem
1122 4144 1185 4203 in
1264 4158 1455 4205 actum
1490 4158 1691 4223 est‚ut
1735 4144 1838 4201 lib.
1880 4146 1986 4201 Ill.
2033 4140 2259 4201 16.·fin.

152 4255 355 4301 senatu
375 4240 497 4300 sine
518 4236 697 4297 dubio
728 4234 1055 4304 recitatam,
1082 4231 1183 4299 uhi
1349 4250 1382 4291 2
1432 4228 1922 4353 Notabjlistssnnii
1943 4223 2223 4289 sententia
2247 4264 2264 4291 .
