3384 5134
869 461 1622 516 ιιαΡειιΑι-οιιεκ
2169 457 2309 549 189

861 703 938 752 v.
992 703 1376 755 ineis-rao
1429 707 1582 754 neo
1618 735 1638 753 .

387 921 670 1013 Qmmn
716 941 846 1014 ego
893 915 1228 1014 gaudium
1281 931 1480 991 tuum
1519 921 1701 994 mihi
1740 945 2307 1026 repraesentam-

167 1043 362 1136 rim‚
401 1043 503 1114 mi
537 1040 865 1138 magister
902 1040 1262 1113 carissime
1288 1034 1330 1114 ἶ)
1365 1044 1723 1142 Equidem
1762 1045 2001 1122 uidere
2034 1077 2149 1126 me
2175 1109 2196 1147 ‚
2240 1069 2311 1130 et

173 1180 334 1236 arte
393 1177 424 1212 ⁸
457 1161 850 1262 complecti
899 1219 923 1256 ‚
977 1175 1050 1234 et
1084 1161 1419 1266 multum⁴
1449 1165 1849 1241 exosculari
1908 1171 2175 1246 cotidie
2206 1175 2315 1247 ui-

171 1284 362 1356 deor
413 1283 595 1356 mihi
647 1296 806 1356 toto
844 1337 864 1354 .
901 1337 920 1352 .
957 1337 978 1354 .

493 1549 609 1630 Yl·
663 1520 1019 1624 (nomn-co
1073 1529 1226 1600 mio
1279 1552 1472 1602 neno
1536 1533 1941 1635 ‚sucus-ro)
1981 1587 2001 1605 .

388 1819 682 1838 ......
716 1765 933 1838 animi
971 1766 1110 1839 mei
1149 1769 1678 1867 perturbatione
1710 1797 1854 1846 non
1886 1799 2172 1874 possem
2209 1789 2230 1824 ¹
2263 1833 2282 1850 .

163 1887 316 1962 Sed
339 1885 658 1986 acceptis
702 1885 955 1960 litteris
1011 1887 1148 1960 tuis
1185 1943 1207 1982 ‚
1263 1913 1340 1961 ea
1395 1914 1470 1962 re
1520 1891 1664 1963 iam
1719 1895 2042 1992 primum
2114 1897 2301 1970 bona

167 2033 338 2106 spes
379 2005 556 2076 mihi
610 2018 952 2077 ostentata
996 2019 1148 2097 est,
1187 2004 1383 2104 quod
1427 2021 1542 2080 tua
1595 2033 1810 2082 manu
1862 2012 2245 2112 scripseras
2283 2045 2303 2085 e

165 2125 434 2199 deinde
496 2122 690 2223 quod
747 2141 917 2223 post
981 2126 1482 2225 apstinentiam
1553 2127 1831 2224 tridui,
1894 2145 1971 2204 et
2020 2135 2304 2231 sangui-

165 2273 342 2320 nem
409 2245 580 2318 satis
642 2259 914 2316 strenue
974 2259 1046 2316 et
1119 2260 1458 2344 prompte
1531 2245 1924 2321 demissum
1958 2305 1982 2344 ‚
2052 2250 2309 2325 libera-

164 2380 333 2437 tum
385 2389 532 2437 esse
601 2377 666 2435 te
733 2363 1054 2462 periculo
1117 2362 1562 2463 inpendentis
1621 2365 2052 2441 ualetudinis
2114 2387 2304 2442 nun-

165 2483 402 2558 tiabas
430 2537 447 2553 .
501 2483 870 2583 Respirabi
911 2475 948 2532 b
981 2483 1195 2579 igitur
1244 2493 1317 2555 et
1366 2481 1630 2554 renalui
1672 2539 1694 2577 .‚
1749 2497 1821 2556 et
1856 2498 2033 2583 aput
2068 2485 2303 2559 omnis

167 2601 460 2675 foculos
500 2658 523 2695 .,
569 2629 722 2675 aras
748 2657 769 2695 ‚
812 2600 1022 2674 lucos
1069 2627 1306 2674 sacros
1337 2656 1359 2694 .,
1409 2604 1705 2676 arbores
1752 2615 2057 2676 sacratas
2081 2657 2101 2693 ‚
2134 2599 2317 2678 nam'

164 2749 336 2797 rure
377 2722 670 2822 agebam
699 2778 721 2816 .,
750 2722 1098 2823 suplicaui
1122 2735 1152 2770 ‘³
1175 2778 1192 2793 .
1237 2725 1334 2794 Et
1357 2747 1546 2795 nunc
1569 2737 1887 2822 expecto
1917 2747 2309 2822 cognosce-

161 2869 245 2916 re
280 2869 370 2916 ex
409 2845 548 2915 tuis
587 2836 841 2915 litteris
883 2855 1233 2942 quantum
1259 2839 1524 2914 medici
1555 2843 1674 2914 isti
1710 2843 1873 2916 dies
1906 2871 2305 2945 promoue-

163 2961 318 3032 rint
357 3039 368 3052 .
403 2959 492 3032 ad
549 2961 736 3033 uires
793 2959 1247 3033 reficiendas.
1317 2960 1709 3032 Enimuero
1779 2987 1971 3036 nunc
2028 2964 2305 3038 maiore

165 3079 404 3152 multo
451 3103 636 3153 cura·
658 3079 1158 3182 diligentiaque
1221 3104 1406 3178 opus
1451 3093 1562 3151 est
1596 3134 1618 3172 .‚
1671 3093 1754 3150 ut
1796 3079 2142 3178 paulatim
2188 3095 2301 3155 te·-

162 3214 320 3272 met
345 3201 710 3300 compleas
742 3257 764 3295 .‚
797 3225 928 3272 nec
961 3227 1299 3300 properes
1328 3199 1422 3272 ad
1446 3199 1871 3272 detrimenta
1898 3198 2161 3271 uirium
2194 3227 2304 3274 rev

160 3321 528 3393 sarcienda
563 3377 578 3392 .
635 3321 822 3392 Nam
875 3319 951 3392 id
983 3319 1276 3420 quidem
1324 3318 1649 3392 omnium
1702 3319 2041 3418 opinione
2084 3341 2297 3391 com-

155 3453 450 3538 pertum
484 3454 556 3512 et
599 3440 942 3514 traditum
969 3453 1078 3514 est
1106 3495 1126 3533 ‚
1171 3439 1606 3537 sanguinem,
1647 3439 1773 3512 ubi
1812 3437 2151 3532 abundet,
2186 3439 2299 3512 in-

160 3561 438 3634 cursim
470 3560 984 3635 detrahendum
1008 3617 1030 3655 .,
1072 3577 1320 3660 postea
1365 3559 1885 3661 pedetemptim
1924 3585 2069 3632 esse
2092 3585 2301 3662 repa-

279 3780 316 3811 a
349 3763 424 3812 In
465 3763 576 3814 cod.
613 3781 705 3830 pro
741 3775 876 3814 arcte
901 3801 914 3815 .
983 3761 1014 3814 b
1049 3763 1124 3812 Ita
1153 3747 1264 3812 eod.
1333 3717 1462 3830 elin
1502 3760 1709 3812 schedae
1742 3779 1859 3814 enm
1896 3763 2035 3812 unica
2060 3780 2143 3832 p.

245 3951 270 3985 r
320 3931 546 4006 Scripta
598 3947 682 3989 est
743 3933 886 3990 haec
942 3932 1186 4009 epistula
1271 3930 1387 3990 uit.
1423 3932 1727 4009 Temporis
1764 3945 1953 3992 autem
1984 3932 2145 3991 nulla
2186 3931 2299 3990 ha·
2381 3986 2388 3993 .

149 4011 230 4066 ad
275 4013 523 4084 Verum,
558 4015 651 4092 qui
691 4015 826 4072 dum
862 4015 936 4070 ad
974 4016 1191 4072 bellum
1273 4013 1396 4070 bita
1434 4015 1580 4070 ratio
1601 4028 1682 4073 est
1704 4058 1720 4084 ,
1742 4027 1806 4074 ut
1840 4015 2035 4086 uides,
2088 4015 2161 4074 ab
2194 4015 2297 4073 illo

148 4091 486 4168 parthicum
505 4097 983 4174 proficisceretur,
1002 4103 1188 4156 Canu-
1267 4107 1460 4152 uetere
1491 4095 1725 4157 homine
1759 4097 1859 4178 qui
1889 4098 1995 4158 has
2026 4097 2303 4186 epistulas

147 4177 218 4232 sii
269 4173 360 4264 ob*
379 4177 876 4260 intemperantiam
926 4191 1192 4260 aegrota-
1273 4179 1588 4264 dispecuit.
1728 4180 1737 4185 ’
