3384 5134
1135 407 1231 504 78
1726 421 1845 475 Au
1922 423 2037 472 οι·
2116 422 2649 477 canuntur

1131 524 1396 597 fluctus
1431 573 1456 615 ‚
1512 541 1600 590 ne
1631 516 1858 592 uadus
1917 572 1941 608 ‚
2014 546 2101 592 ne
2124 521 2351 620 piscis
2386 519 2628 620 aliquo
2660 517 2900 594 noxsit
2944 531 2978 570 ⁸
3004 572 3025 590 .
3074 515 3287 591 Haec
3334 579 3336 584 .

1136 641 1368 715 oratio
1415 637 1822 712 amantibus
1856 636 2099 712 decuit
2122 695 2145 733 ‚
2198 655 2273 714 et
2306 637 2565 712 melior
2592 652 2665 710 et
2704 636 3063 714 salubrior
3089 635 3279 730 fuit3

1127 787 1274 835 non
1322 759 1550 832 alieno
1609 757 1900 858 capitali
1952 758 2277 858 periculo
2331 758 2585 832 sectari
2632 755 3029 856 uoluptatis
3082 783 3273 828 usu·-

1129 908 1288 956 ram.
1341 881 1632 953 breuem
1681 903 1767 951 ac
1816 881 2317 980 paenitendam
2350 935 2367 952 .
2422 879 2633 953 Nunc
2682 891 2763 950 ut
2804 903 2841 946 a
2884 873 3127 948 fabula
3182 873 3277 946 ad

1127 1025 1377 1076 uerum
1447 1013 1826 1074 conuertar
1861 1055 1883 1092 .,
1938 1001 2016 1070 id
2045 1026 2177 1097 ego
2230 1025 2379 1072 non
2420 996 2881 1070 mediocriter
2916 987 3275 1066 anexiusb

1029 1137 1044 1156 ⁸
1129 1147 1327 1194 eram
1371 1120 1953 1194 necnecessariis
2019 1121 2385 1192 laboribus
2432 1117 2572 1191 tuis
2622 1142 2753 1215 ego
2804 1117 3097 1216 insuper
3132 1114 3277 1186 ali·

1129 1241 1332 1344 quod
1361 1234 1402 1290 ἆ
1435 1242 1807 1314 molestiae
1862 1254 2071 1340 atque
2114 1241 2344 1312 oneris
2377 1240 2835 1337 inponerem,
2892 1238 2953 1308 si
2997 1249 3278 1334 praeter

1130 1388 1248 1436 eas
1303 1360 1644 1461 epistulas
1672 1416 1695 1454 ‚
1750 1387 1923 1460 quas
1984 1360 2093 1456 ad⁸
2140 1359 2495 1459 plurimos
2534 1357 2929 1431 necessario
2988 1382 3275 1428 munere

1133 1481 1402 1554 cotidie
1425 1481 1755 1555 rescribis
1786 1535 1809 1574 ,
1862 1505 1993 1575 ego
2027 1489 2369 1579 equoque
2391 1480 2483 1551 ad
2520 1478 3063 1552 rescribendum
3102 1477 3269 1549 fati-

1131 1626 1367 1698 gamm
1399 1657 1416 1672 .
1473 1601 1663 1673 Nam
1708 1624 1823 1672 me
1864 1622 2096 1670 carere
2146 1601 2348 1672 omni
2389 1598 2627 1672 fructu
2659 1601 2927 1671 amoris
2966 1599 3075 1669 tui
3112 1623 3270 1668 ma-

1131 1718 1263 1791 lim
1287 1775 1311 1813 .,
1347 1745 1565 1819 quam
1606 1734 1673 1790 te
1703 1744 1791 1791 ne
1824 1717 2207 1788 minimum
2245 1717 2535 1819 quidem
2575 1717 3036 1791 incommodi
3070 1714 3275 1789 uolu-

1117 1841 1432 1940 1uptatis
1481 1865 1676 1912 meae
1708 1841 1927 1937 gratia
1950 1837 2186 1912 subire
2210 1894 2231 1909 .

1722 2105 1946 2152 11111.
2035 2101 2422 2152 MAGlsrno
2476 2103 2681 2152 MEO·

1343 2307 1727 2388 Eris-rum
1793 2313 2161 2386 Cleeronis
2238 2313 2539 2386 mirifice
2618 2311 2889 2385 adfecit
2942 2312 3263 2386 animum

1141 2457 1388 2504 meum
1418 2487 1436 2501 .
1493 2431 1779 2504 Miserat
1812 2434 2077 2505 Brutus
2130 2432 2461 2506 Ciceroni
2502 2431 2771 2505 librum
2808 2457 3023 2505 suum
3084 2457 3255 2505 cor-

697 2585 1038 2636 Desiderantur
1141 2549 1508 2648 figendum
1537 2562 1557 2596 ι
1597 2603 1667 2620 ...

663 2656 1036 2726 ΡΨΜάω·
1734 2697 1865 2743 xv,
1952 2669 2305 2769 (nonum
2370 2697 2523 2746 mro
2564 2725 2583 2742 .
2618 2671 2650 2771 )

1356 2964 1375 2980 .
1413 2961 1433 2979 .
1471 2963 1490 2980 .
1528 2965 1546 2980 .
1587 2909 2010 2984 molliantur
2042 2966 2065 3004 .,
2120 2925 2329 3010 atque
2372 2912 2474 2984 ita
2533 2910 2893 2984 efficacius
2929 2911 3083 2984 sine
3134 2911 3269 2984 ulla

1147 3023 1240 3099 ad
1300 3027 1578 3100 animos
1643 3028 2029 3102 offensione
2090 3027 2529 3101 audientium
2592 3043 2961 3132 penetrent
2999 3084 3020 3101 .
3078 3033 3265 3106 Haec

1207 3199 1246 3230 a
1280 3179 1445 3229 Verba
1486 3178 1767 3250 inpliclsccu·
1786 3213 1801 3236 ‚
1832 3178 1997 3228 :cadus
2039 3193 2088 3227 et
2124 3181 2289 3230 noxstt
2320 3196 2614 3248 repetuntur
2650 3183 2700 3233 ἰῑι
2744 3184 2959 3252 margine
2996 3196 3054 3230 nt
3081 3183 3272 3232 nonbi-

1138 3249 1204 3302 li·
1226 3290 1236 3302 .
1269 3249 1570 3300 Postremum
1606 3265 1765 3300 tamen
1806 3246 1857 3296 in
1900 3251 2114 3321 margine
2154 3252 2378 3302 scribitur
2418 3255 2561 3303 noxit
2583 3293 2597 3308 .
2654 3256 3002 3304 verumtamen
3044 3253 3271 3320 scriptun

1138 3340 1202 3372 :rs
1240 3335 1433 3386 prostat
1479 3322 1657 3370 Romae
1693 3322 1743 3368 in
1774 3337 2011 3370 marmore
2046 3319 2375 3386 pamphihano
2399 3360 2415 3381 ‚
2458 3340 2632 3390 nempe
2685 3329 2745 3373 P.
2804 3323 3038 3374 Tudict’us
3088 3323 3273 3374 ,Felix-s.

1134 3390 1166 3440 h
1201 3393 1276 3440 lt-
1298 3389 1406 3440 cod.
1476 3405 1504 3436 c
1543 3393 1602 3440 In
1621 3389 1731 3440 cod.
1774 3387 2071 3440 desideratur
2104 3408 2165 3438 ne
2184 3426 2198 3449 ,
2236 3406 2403 3456 utpote
2425 3393 2709 3460 absorptum
2734 3413 2763 3443 ει
2787 3409 3017 3462 sequente
3034 3430 3051 3444 .
3108 3393 3147 3442 d
3166 3393 3271 3444 eod.

1141 3476 1188 3508 1.
1228 3476 1378 3510 manu
1409 3456 1611 3532 aliquo3
1663 3478 1710 3510 2.
1742 3459 1946 3528 ala'quod
1970 3495 1980 3506 .
2009 3464 2088 3512 Sic
2126 3477 2222 3508 non
2270 3463 2413 3513 semel
2444 3463 2576 3530 apud
2624 3462 2727 3515 Cic.
2768 3463 2828 3512 de
2862 3481 2966 3532 rep.
3016 3463 3159 3531 qnod
3196 3480 3273 3530 pro

1137 3530 1262 3600 quid
1279 3563 1294 3577 .
1363 3547 1391 3577 e
1428 3535 1540 3600 Ego
1584 3531 1774 3582 uidetur
1807 3529 2069 3597 repetitum
2108 3531 2161 3581 in
2192 3531 2357 3602 codiee
2376 3567 2389 3580 .

1227 3687 1249 3722 ι
1293 3665 1580 3744 Intelligit
1603 3671 1831 3727 Marcus
1850 3665 2167 3729 orationem
2248 3669 2353 3726 etsi
2373 3667 2436 3728 id
2456 3673 2734 3750 scriptum
2756 3693 2788 3728 a
2811 3673 3055 3749 proprio
3078 3672 3272 3732 dicen·
3334 3667 3336 3750 1

1078 3808 1099 3829 χ
1137 3747 1304 3806 Bruti
1339 3763 1472 3828 post
1487 3751 1751 3811 Caesaris
1768 3771 1963 3810 necem
1994 3752 2171 3811 habi-
2252 3751 2315 3809 di
2348 3773 2558 3828 genere
2592 3755 2896 3813 differebat
2908 3797 2927 3824 ‚
2966 3769 3163 3813 tamen
3194 3775 3272 3810 or·
3335 3753 3336 3774 ³

1139 3831 1334 3890 tamin
1353 3833 1622 3892 concione
1642 3833 1985 3910 capitolina.
2006 3839 2168 3894 Hand
2250 3836 2502 3897 nandum
2544 3836 2720 3896 laude
2762 3858 2983 3895 summa
3004 3880 3023 3906 ,
3066 3839 3271 3895 nedum

1139 3915 1214 3972 ed
1264 3933 1324 3971 se
1376 3917 1603 3972 missam
1665 3937 1699 3971 a
1760 3918 1937 3974 Bruto
1980 3919 2162 3976 corri-
2248 3918 2651 3994 corrigendum
2684 3920 2942 3997 putavit.
2980 3919 3272 3987 Hanc‚in-

1139 3997 1392 4072 gendam
1449 3996 1612 4056 haud
1661 3996 1963 4057 ambitiose
1988 4042 2008 4069 ,
2060 4021 2167 4058 an·
2246 4021 2453 4079 quam,
2488 4003 2735 4060 aMarco
2766 4001 3023 4078 intelligi
3060 4002 3273 4060 oratio-

1140 4090 1200 4135 te
1230 4097 1400 4156 quam
1431 4081 1666 4149 ederet,
1735 4081 1815 4136 ait
1860 4081 2063 4140 Cicero
2096 4083 2172 4140 ad
2252 4103 2381 4140 nem
2416 4083 2577 4142 Bruti
2612 4098 2755 4161 puto
2792 4125 2811 4152 ,
2861 4087 3059 4161 potius
3110 4102 3271 4162 quam

1137 4161 1262 4222 An.
1297 4184 1402 4228 xv.
1447 4185 1494 4222 ι.
1534 4163 1590 4224 3.
1643 4167 1716 4236 45
1760 4161 1855 4242 qui
1900 4165 2171 4243 quidem,
2254 4165 2509 4242 eiusdem
2526 4165 2744 4227 librum
2764 4167 2837 4225 de
2859 4171 3273 4246 virtute,quem
