3384 5134
873 412 1638 470 lMPnnATon-nm
1752 424 1757 431 ·
2182 410 2319 489 177

165 494 539 593 Comitem
604 518 738 591 tibi
793 517 886 590 ad
953 510 1490 614 impetrandum
1551 511 1843 587 adscisti
1921 513 2314 587 exercitum

163 610 488 711 oratione
533 630 1029 740 pugnantem?
1082 636 1167 705 In
1205 658 1286 705 ea
1339 648 1418 703 tu
1460 646 1664 731 parte
1700 632 2095 705 litterarum
2148 649 2311 705 tua-

156 782 331 829 rum
357 813 377 847 .,
431 773 514 831 ut
567 760 860 831 fratrem
921 767 1283 830 amantem
1359 752 1644 841 decuit,
1705 750 2063 823 sententiis
2143 778 2309 825 ma-

152 875 263 971 gis
334 876 603 949 crebris
676 891 750 949 ct
802 871 1134 947 dulcibus
1207 898 1370 945 usus
1437 900 1508 945 es
1541 928 1562 961 ‚
1632 886 1707 943 et
1772 896 1973 944 uersa
2048 871 2311 944 modu-

151 994 425 1070 latione
511 995 895 1070 collocasti
940 1030 958 1067 =
1034 1022 1212 1095 quae
1268 1020 1440 1073 cum
1493 993 1796 1090 legerem
1838 1023 1860 1085 .·‚
1922 993 1999 1065 in-
2061 1008 2307 1090 senatu

155 1116 362 1188 enim
409 1142 541 1216 per
585 1114 1068 1189 ualetudinem
1121 1141 1266 1188 non
1328 1115 1539 1214 potui
1593 1115 1894 1207 adesse3
1956 1140 2125 1188 cum
2152 1114 2309 1188 eloa

151 1238 445 1335 quentia
512 1254 628 1311 tua
682 1238 974 1309 fratrem
1012 1250 1218 1309 tuum
1271 1239 1508 1334 urgeri
1561 1236 1879 1309 uiderem
1912 1290 1933 1326 ‚
1986 1240 2083 1311 ita
2134 1260 2301 1313 eum

153 1352 398 1425 tacitis
431 1354 984 1450 cogitationibus
1033 1354 1211 1425 meis
1257 1354 1797 1454 compellabam
1828 1412 1847 1427 .
1903 1356 2099 1447 Quid
2148 1358 2300 1431 hoo

151 1474 258 1543 rei
301 1485 455 1561 est,
507 1466 934 1546 Antonine?
987 1495 1154 1545 nam
1187 1473 1323 1545 tihi
1360 1474 1575 1545 uideo
1618 1500 1885 1547 nomen
1934 1476 2134 1577 quod
2172 1503 2294 1551 rc·-

151 1615 532 1663 cusaueras
559 1590 1066 1691 accipiendum
1096 1618 1248 1666 esse
1273 1607 1345 1665 et
1373 1596 1715 1667 sententia
1755 1594 2249 1671 decedendum
2271 1654 2290 1669 .

147 1712 352 1801 Quid
373 1738 566 1798 nunc
598 1738 798 1788 meae
819 1768 840 1803 ,
871 1713 1048 1813 quid
1069 1712 1677 1813 philosophorum
1713 1714 1987 1791 litterae
2011 1734 2224 1817 agunt
2249 1714 2293 1794 ‘2-

145 1828 408 1904 litteris
447 1834 700 1907 militis
733 1836 1096 1907 uincimur
1123 1889 1140 1904 .
1196 1835 1479 1933 Ecquid
1513 1848 1751 1907 autem
1775 1835 2076 1935 pulchre
2113 1841 2294 1911 scri-

141 1952 370 2049 psisse
397 1950 680 2041 uidetur
706 1948 748 2029 ’.Ρ
771 1954 1148 2055 numquod
1179 1954 1481 2027 uerbum
1506 1953 1851 2045 insolam,
1876 1972 1997 2030 aut
2028 1958 2289 2031 intem-

141 2066 568 2171 pestiuum?
608 2090 732 2147 aut
781 2104 957 2151 num
999 2100 1130 2172 ego
1182 2076 1322 2149 tibi
1363 2074 1616 2149 uideor
1667 2070 2064 2171 gloriosum
2092 2074 2287 2149 mili-

143 2204 296 2263 tem
335 2194 650 2267 erudisse
675 2188 717 2268 ?
767 2196 957 2285 Quin
983 2248 1004 2283 ,
1057 2194 1256 2293 quod
1295 2193 1484 2268 uotis
1521 2194 1867 2292 omnibus¹
1898 2195 2288 2293 expetisti,

139 2304 368 2381 habes
407 2310 698 2385 fratrem
731 2312 990 2385 fortem
1018 2325 1050 2359 ¹¹
1078 2365 1099 2400 ,
1155 2312 1391 2403 uirum
1424 2308 1707 2383 bonum
1734 2315 1753 2401 “,
1782 2304 2070 2385 dicendi
2098 2314 2289 2414 peri-

137 2436 304 2497 tum
331 2438 348 2472 ¹
383 2460 402 2496 ε
453 2428 707 2502 eadem
749 2432 940 2502 enim
990 2429 1181 2503 dicet
1208 2425 1328 2501 ille
1365 2454 1542 2528 quae
1583 2442 1661 2501 tu
1692 2484 1714 2519 ‚
1768 2429 1894 2503 sed
1931 2457 2015 2531 ea
2048 2433 2286 2507 minus

135 2542 394 2618 multis
425 2544 545 2620 ille
578 2574 794 2647 quam
825 2560 905 2621 tu
934 2604 951 2619 .
987 2548 1183 2639 Qum
1217 2540 1254 2596 b
1277 2548 1593 2620 maxime
1621 2546 1799 2621 haec
1834 2573 1965 2646 ego
2000 2575 2293 2623 mecum

138 2664 505 2761 agitabam
540 2721 559 2756 ‚
612 2692 789 2767 qum
827 2678 858 2715 ⁰
897 2666 1208 2740 orationi
1267 2674 1428 2739 tuae
1502 2667 1853 2763 successit
1938 2669 2293 2741 Antonini

134 2786 410 2874 oratio,
467 2786 543 2857 di
578 2788 800 2860 boni!
845 2812 1064 2887 quam
1095 2782 1435 2885 pulchra!
1498 2812 1719 2885 quam
1756 2811 1923 2863 uera
1956 2780 2279 2861 multad!

133 2898 352 3001 plane
385 2902 582 2977 dicta
608 2906 851 2977 omnia
868 2959 889 2994 ‚
907 2919 981 2978 et
1011 2901 1226 2976 uerba
1259 2901 1648 2993 delenifica,
1673 2906 1935 3003 pietate
1954 2921 2027 2979 et
2052 2905 2194 2979 fide
2216 2918 2290 2978 et
2326 2908 2331 2913 ’

138 3044 396 3094 amore
425 3036 497 3095 et
529 3016 882 3097 desiderio
921 3020 1226 3095 dilibuta
1249 3032 1280 3069 e
1311 3075 1328 3092 .
1355 3022 1552 3112 Quid
1571 3050 1858 3121 agerem
1882 3038 2043 3095 tum
2061 3016 2089 3071 s
2103 3024 2293 3095 inter
2378 3034 2381 3051 '

134 3136 332 3211 duos
369 3142 624 3215 ambos
677 3169 882 3217 meos
921 3135 964 3216 ?
997 3142 1470 3242 petitoremne
1519 3170 1606 3214 an
1653 3141 1843 3213 unde
1896 3153 2289 3241 peteretur,

133 3258 370 3355 magis
402 3258 772 3335 laudarem
800 3254 842 3337 ’.Ρ
871 3258 1276 3333 Antoninus
1296 3273 1447 3332 erat
1471 3284 1701 3367 quom
1734 3268 1769 3324 8
1804 3256 2114 3355 imperio
2152 3256 2289 3329 ob—

135 3400 444 3477 sequens
475 3436 498 3471 ,
553 3395 630 3455 tu
685 3396 962 3467 autem,
1017 3378 1252 3467 Luci,
1323 3406 1494 3454 cum
1529 3378 1875 3479 obsequio
1928 3400 2077 3449 eras
2114 3396 2291 3476 prae,

35 3604 42 3611 .
197 3572 238 3602 a
279 3551 344 3599 1¹¹
363 3550 474 3605 cod.
509 3556 870 3625 iuuet-pungitur
898 3568 1012 3620 pont
1052 3558 1216 3602 “Imm
1241 3591 1253 3601 .
1326 3550 1354 3600 b
1391 3552 1467 3603 Ita
1505 3552 1614 3602 cod.
1681 3569 1711 3600 c
1746 3543 1833 3601 Ita'
1878 3555 1987 3603 cod.
2055 3553 2097 3598 d
2124 3551 2201 3601 Ita
2235 3548 2286 3596 in

129 3623 240 3672 cod.
281 3623 646 3694 interpungitnr
691 3641 800 3693 post
835 3624 994 3675 multa
1019 3661 1032 3675 .
1103 3640 1131 3671 e
1165 3628 1242 3675 lt·
1281 3622 1390 3676 eod.
1446 3620 1488 3693 j
1517 3626 1729 3674 Tantum
1767 3620 2205 3689 spatii-oblitterati
2235 3620 2289 3667 in

128 3694 306 3745 codice
341 3708 446 3743 est.
516 3712 555 3763 g
589 3695 668 3744 Ita
705 3695 814 3747 cod.

219 3852 238 3887 ι
285 3829 542 3887 videtur
581 3831 724 3889 mihi
779 3835 998 3891 Fronto
1029 3850 1174 3908 prae
1256 3852 1364 3889 nec
1385 3853 1498 3889 non
1518 3854 1632 3891 κη.
1661 3854 1709 3890 1:
1738 3840 1807 3903 (e
1824 3834 2045 3909 Gorgia
2068 3830 2293 3889 scilicet

123 3912 314 3969 oculis
345 3912 565 3970 habere
585 3916 948 3973 catonianum
983 3928 1175 3972 orato-
1256 3915 1522 3975 Platonis
1541 3916 1996 3973 ed.Ser1-an.t.1,
2040 3935 2100 3991 p.
2130 3912 2292 3982 508)

123 3997 208 4051 ris
256 3994 682 4066 definitionem,
714 4018 861 4074 quae
895 4009 980 4055 cst
1017 3996 1176 4075 apud
1256 4010 1472 4057 orator·
1499 4011 1586 4057 est
1605 4004 1719 4057 'm'r
1746 4000 1933 4072 bonus
1951 3992 2298 4078 dicendipo·

121 4082 410 4136 Senecam
451 4091 708 4137 conti-ou.
756 4079 930 4137 lib.1.
965 4080 1172 4154 praefi,
1261 4086 1460 4140 ritas.

123 4173 179 4215 et
197 4159 364 4236 apud
383 4159 628 4235 Quintil.
647 4161 782 4223 inst.
807 4184 848 4219 ι-
865 4162 1168 4239 prohoem-

235 4260 422 4338 Vol.
451 4260 521 4335 J.
1633 4288 1723 4341 u
