3384 5134
1043 406 1194 529 '246
1417 462 1432 490 ι
1665 456 1781 502 nr.
1855 452 2570 502 οιιΑτιοΝηυε

1045 570 1212 630 sunt
1353 553 1427 623 Si
1465 562 1657 625 recte
1804 576 1952 651 quo
1988 574 2235 647 genere
2262 534 3107 655 Cato..sertesss.primis

1040 692 1112 751 et
1133 678 1276 749 hoc
1305 698 1548 772 genere
1569 728 1616 743 ..
1641 672 2063 746 moderatae
2086 684 2160 743 et
2178 726 2224 741 ..
2252 670 2605 746 nonnullo
2640 728 2683 743 ..
2708 698 2861 745 esse
2886 728 2903 743 .
2942 674 3018 746 Si
3050 702 3223 775 par-

1045 824 1129 870 ce
1151 813 1223 869 et
1264 820 1428 867 eum
1467 793 1811 891 dignitate
1946 790 2176 864 Multo
2206 790 2463 865 deinde
2492 791 2780 889 grauior
2808 808 2883 867 et
2906 795 3251 868 seuerior.

1047 918 1434 992 subiuncta
1464 972 1480 986 .
1515 969 1534 986 .
1573 971 1592 986 .
1625 913 1699 989 Si
1733 913 1955 988 nihil.
1983 970 2004 985 .
2045 970 2063 985 .
2098 913 2312 989 nobis
2346 914 2753 1013 opinionis.
2777 971 2794 985 .
2816 970 2833 985 .
2871 930 2905 963 ⁸

1255 1036 1629 1111 Tralatum
1650 1092 1671 1131 ‚
1702 1051 1865 1109 tum
1998 1059 2109 1109 res
2142 1035 2243 1107 ita
2276 1029 2783 1139 impule[rint]
2916 1038 3171 1109 uineas
3200 1090 3219 1107 .

1046 1164 1294 1235 Inesse
1319 1214 1336 1231 .
1369 1214 1385 1230 .
1411 1160 1616 1231 muni
1645 1206 1665 1229 ⁴
1708 1214 1727 1228 .
1763 1173 1833 1231 te
1868 1212 1916 1229 ..
1950 1182 2234 1232 uersum
2259 1185 2300 1232 e
2336 1210 2383 1229 ..
2416 1172 2542 1231 ent
2576 1212 2594 1229 .
2656 1156 2992 1231 Alterum
3028 1183 3223 1258 pro·-

1041 1282 1317 1384 prium,
1339 1304 1616 1371 comest,
1656 1277 1962 1352 alterum
1987 1276 2441 1372 translatum,
2467 1276 2717 1379 opifex
2746 1334 2765 1349 .
2797 1278 3049 1379 Neque
3068 1277 3224 1351 ulla

1039 1400 1279 1473 uerbis
1307 1400 1461 1475 istis
1491 1401 1678 1471 inter
1702 1426 1777 1473 se
1812 1400 2235 1474 communio
2272 1400 2459 1472 inest
2504 1424 2731 1500 neque
2780 1401 3218 1500 propinqui-

1036 1536 1148 1595 tas
1167 1576 1186 1591 .
1212 1518 1534 1595 offendit
1555 1519 1771 1617 igitur
1788 1544 1993 1591 aures
2016 1518 2350 1617 ingruens
2374 1518 2747 1593 diuersitas
2774 1533 2898 1593 nat
3006 1544 3217 1619 sape·

1035 1668 1110 1713 re
1131 1694 1176 1711 ..
1200 1642 1430 1715 tissim
1451 1696 1494 1713 ..
1513 1637 1889 1713 Sallustius
1912 1651 1931 1686 ¹
2054 1638 2367 1740 -quique
2398 1664 2617 1713 manu
2637 1694 2658 1733 ‚
2689 1653 2965 1732 uentre,
2994 1666 3208 1741 pene,

1031 1760 1224 1835 bona
1248 1763 1476 1863 patria
1509 1758 1947 1865 lacerauerat
1967 1798 2003 1813 -
2028 1814 2047 1829 .
2087 1758 2315 1833 Uides
2351 1774 2705 1860 quantum
2734 1758 3217 1836 similitudine

1035 1882 1226 1957 form
1237 1910 1312 1957 ae
1331 1884 1720 1958 uerborum
1750 1881 2137 1955 adsecutus
2156 1882 2365 1975 δίψη
2382 1897 2845 1981 postremum
2866 1882 3213 1978 uerbum,

1037 2029 1479 2107 quamquam
1507 2028 1769 2102 parum
1808 2000 2165 2101 pudicum
2192 2056 2215 2095 .,
2253 2028 2401 2075 non
2436 2000 2871 2075 indecorum
2896 2029 3054 2077 esse
3092 2006 3211 2075 ui-

1035 2130 1332 2215 deatur:
1373 2124 1538 2197 ideo
1564 2123 1845 2239 scilice}
1872 2179 1894 2216 ,
1946 2123 2146 2225 qnod
2176 2180 2192 2195 .
2248 2179 2266 2196 .
2306 2125 2521 2197 uerba
2568 2124 2831 2197 similia
2882 2150 3205 2228 praeee-

1036 2250 1215 2321 dant
1245 2303 1262 2317 .
1321 2242 1542 2335 Quod
1575 2246 1637 2317 si
1680 2246 1783 2318 ita
1820 2242 1997 2318 haec
2046 2244 2261 2325 uerba
2298 2259 2552 2317 contra
2594 2245 2897 2319 dixisset
2938 2248 3211 2347 quique

1039 2398 1220 2471 pene
1255 2360 1292 2417 ¹³
1331 2367 1520 2439 bona
1593 2366 1828 2465 patria
1882 2362 2322 2439 lacerauerat
2357 2419 2379 2458 ‚
2453 2364 2679 2438 indita
2723 2378 2753 2413 ⁶
2794 2368 3213 2443 obscenitas

1039 2490 1282 2563 uerbis
1315 2501 1700 2587 appareret
1754 2540 1773 2557 .
1832 2541 1852 2557 .
1910 2500 2052 2559 trat
2102 2486 2205 2557 eis
2248 2540 2269 2555 .
2325 2537 2348 2556 .
2384 2478 2749 2587 [uentre]
2792 2512 3061 2585 manu,
3094 2518 3215 2563 ue·-

1043 2632 1246 2679 nere.
1295 2603 1415 2677 Ad
1451 2660 1468 2674 .
1504 2658 1522 2671 .
1551 2629 1754 2676 aures
1791 2633 1813 2695 3
1874 2603 2227 2702 tertioque
2266 2658 2599 2677 .....

1254 2782 1272 2795 .
1315 2780 1334 2796 .
1374 2778 1391 2793 .
1425 2724 1690 2797 nullius
1732 2740 1894 2799 ante
1930 2782 1950 2820 ‚
2014 2726 2152 2799 nisi
2218 2726 2427 2799 unius
2480 2726 2639 2799 Caii
2678 2724 2995 2799 Sallustii
3040 2732 3209 2803 trita

1039 2846 1202 2918 solo
1267 2872 1556 2919 sensum
1606 2847 1812 2921 dictu
1866 2844 2359 2953 periculosum
2424 2860 2499 2919 et
2552 2872 2775 2946 paene
2846 2852 3209 2946 opstetri-

1039 2968 1237 3039 einm
1283 2966 1779 3067 pulcherrimo
1816 2969 2019 3043 cultu
2062 2982 2137 3043 et
2186 2968 2699 3041 honestissimo
2738 2986 2993 3042 ornatu
3032 2999 3207 3071 pro-

1039 3085 1266 3159 tulisti
1301 3142 1318 3159 .
1348 3102 1707 3185 Εὔφραναις,
1742 3089 2213 3183 ὅπεριόφρανας,
2238 3087 2428 3179 «ἅζεο
2463 3115 2568 3179 μοι
2608 3137 2627 3155 .
2688 3086 2913 3176 Quod
2946 3085 3205 3163 librari

1033 3230 1250 3276 mann
1305 3201 1612 3303 epistula
1689 3202 1958 3275 scribta
2024 3214 2135 3273 est
2176 3254 2199 3293 .,
2276 3228 2317 3272 a
2374 3199 2621 3275 labore
2680 3205 2879 3301 graui
2952 3206 3203 3307 digitis

1031 3324 1368 3397 consului
1401 3380 1426 3419 .‚
1487 3323 1616 3423 qui
1663 3334 1833 3395 sunt
1878 3320 2031 3391 iam·
2072 3320 2149 3391 in
2208 3320 2656 3421 suspicione.

1394 3544 1550 3633 111.-
1601 3582 1991 3632 ANTONINO
2067 3582 2411 3635 AUGUSTO
2470 3584 2761 3635 BRONTO
2804 3616 2825 3632 .

1131 3797 1336 3887 Quin
1366 3854 1384 3871 .
1437 3856 1456 3870 .
1495 3812 1853 3873 scrutetur
1882 3828 2021 3901 qua
2050 3856 2069 3872 .
2121 3856 2138 3876 .
2163 3828 2477 3902 propera
2507 3857 2526 3874 .
2590 3745 2835 3904 Neque
2889 3804 3195 3883 balbam

1051 3988 1132 4049 ιιι
1167 3974 1225 4021 ln
1277 3972 1353 4022 hi«
1394 3974 1582 4027 lacuna
1634 3980 1781 4045 periit
1826 3981 1999 4047 pagina
2058 3995 2213 4045 prope
2280 3994 2417 4034 tota.
2488 3980 2518 4034 b
2578 3984 2703 4035 cod.
2756 3985 3020 4038 uidebatur
3074 4005 3187 4039 ante

1019 4036 1118 4089 hoe
1168 4044 1465 4095 uocabulum
1505 4048 1685 4125 habere
1738 4068 1857 4099 ech·
1906 4068 1935 4100 c
1974 4048 2348 4103 Coddnedica.

979 4208 1034 4269 ,ι
1081 4188 1256 4247 Catil.
1295 4210 1421 4269 cap.
1450 4214 1616 4253 nm.
