3384 5134
759 532 906 617 ·M·
1001 531 1310 621 FRON
1318 530 1556 679 T⁰.N
1563 532 1660 619 IS
2132 417 2271 521 175

389 774 578 850 -AD
646 773 1064 849 UERUM
1131 716 1995 851 mPERA'ToREM

613 997 1150 1071 AURELIUM
1205 996 1733 1080 CAESAREM
1772 1050 1793 1067 .
1818 1100 1823 1107 Ι

961 1264 1506 1301 Μ

455 1551 460 1560 ·
531 1526 593 1597 Ι.
649 1548 940 1597 nomm-o
995 1548 1148 1597 meo
1203 1549 1394 1599 uano
1449 1532 1890 1600 Ancus-1⁸0³.

366 1676 545 1838 IAM
577 1764 728 1835 iam
763 1819 786 1856 ‚
844 1763 1252 1863 Imperator
1277 1820 1302 1857 ‚
1331 1779 1514 1861 nesto
1551 1790 1715 1863 erga
1758 1789 1877 1835 me
1912 1778 1993 1837 ut
2027 1762 2225 1840 uoles
2259 1788 2291 1862 ‚·

130 1900 360 1987 utque
402 1898 566 1959 tuus
601 1885 884 1957 animus
938 1884 1114 1958 feret
1151 1941 1170 1955 .
1225 1886 1367 1960 Uel
1407 1902 1492 1961 'tu
1537 1912 1658 1959 me
1707 1885 2055 1985 neglegito
2091 1943 2115 1981 .‚
2170 1886 2289 1961 uel

131 2008 364 2078 etiam
407 2004 728 2103 spernito
763 2037 784 2074 ε
836 2002 1017 2077 nihil
1068 2004 1373 2107 denique
1417 2007 1718 2080 honoris
1754 2008 2097 2109 inpertito
2132 2060 2153 2096 ‚
2205 2014 2291 2081 in

129 2126 533 2227 postremis
555 2179 575 2213 .,
633 2125 693 2197 si
723 2123 1122 2217 uidebitur,
1163 2124 1430 2197 habeto
1460 2180 1478 2196 .
1513 2122 1716 2199 Nihil
1744 2139 1855 2199 est
1879 2128 1991 2199 ita
2022 2125 2287 2203 durum

141 2262 276 2321 aut
305 2248 408 2322 ita
447 2248 788 2323 iniurium
823 2245 1022 2349 quod
1051 2242 1328 2350 [mihi]
1364 2247 1596 2321 facere
1628 2246 2031 2335 aduersum,
2056 2246 2117 2319 si
2140 2271 2300 2318 ma·-

131 2370 342 2445 xime
371 2367 544 2441 uelis
584 2423 604 2460 ,
657 2370 890 2469 possis
923 2423 944 2458 ‚
999 2368 1172 2468 quin
1217 2394 1345 2467 ego
1379 2396 1469 2441 ex
1513 2382 1580 2443 te
1629 2368 1905 2469 gaudiis
1936 2366 2300 2469 amplissi-

129 2490 284 2564 nxis
321 2488 682 2563 abundem
720 2543 739 2562 .
800 2485 1122 2564 Uirtutes
1162 2504 1318 2563 tuas
1362 2489 1656 2563 bellicas
1686 2504 1761 2565 et
1798 2488 2143 2564 militaria
2174 2489 2291 2563 fa-

136 2610 400 2682 cinora
438 2620 561 2680 tua
593 2618 626 2660 2
655 2596 866 2707 atque
901 2608 1226 2683 consulta
1257 2637 1377 2684 me
1407 2635 1600 2683 nunc
1629 2608 1923 2695 laudare
1962 2622 2035 2683 tu
2086 2608 2299 2683 forsi-

132 2744 268 2801 tan
303 2742 508 2827 putes
539 2783 560 2818 ,
613 2742 696 2800 ut
747 2742 899 2801 est.
957 2728 1234 2820 Quibus
1291 2755 1422 2827 ego
1472 2729 1728 2820 rebuS‚
1786 2729 2067 2804 tametsi
2100 2742 2303 2804 sunt

125 2848 672 2953 pulcherrimae
717 2850 791 2923 in
827 2875 982 2923 rem
1042 2850 1418 2951 publicam
1473 2844 1973 2954 inperiumque
2029 2850 2291 2953 populi

133 2973 472 3061 romani,
527 2971 882 3071 optimae,
937 2972 1426 3073 amplissimae
1461 2986 1492 3022 ⁸
1519 3027 1540 3063 ,
1598 2989 1749 3047 tam
1775 2965 1811 3023 b
1848 2973 1937 3047 iis
1991 2997 2124 3070 ego
2168 2998 2290 3044 re-

133 3092 288 3163 bus
316 3089 660 3165 laetandis
697 3090 980 3167 uirilem
1009 3117 1180 3165 cum
1213 3094 1464 3167 ceteris
1496 3092 1911 3193 portionem
1942 3088 2167 3187 uolup
2178 3104 2295 3161 ta·-

129 3209 242 3283 tis
277 3210 488 3309 capio
525 3265 544 3282 .
599 3212 718 3285 Ex
761 3208 1166 3312 eloquentia
1213 3227 1454 3285 autem
1503 3226 1620 3285 tua
1653 3265 1674 3302 ,
1728 3233 1947 3311 quam
2004 3206 2297 3305 scriptis

145 3327 256 3403 ad
307 3345 630 3405 senatum
679 3330 938 3407 litteris
981 3331 1366 3406 declarasti
1393 3388 1414 3423 ,
1467 3358 1595 3429 ego
1647 3332 1799 3404 iam
1849 3326 2303 3399 hic-'trium-

141 3448 313 3555 pho
335 3440 370 3499 3
406 3505 424 3521 .
479 3452 746 3555 Recepi
780 3453 1024 3558 recepi
1049 3450 1424 3555 habeoque
1459 3466 1805 3552 teneoque
1834 3471 2129 3523 omnem
2174 3444 2301 3521 abs

254 3668 293 3701 a
327 3652 449 3705 eod.
493 3654 672 3725 optime
703 3652 1004 3726 amplissime
1025 3692 1040 3707 .
1107 3651 1138 3705 ὂ
1168 3652 1480 3706 Archelaum
1503 3668 1596 3721 pro
1619 3662 1789 3703 tcvnen
1808 3688 1827 3707 .

245 3854 268 3890 ι
296 3836 580 3905 Quoniam
599 3836 746 3897 haec
758 3838 1025 3917 epistula,
1045 3858 1190 3915 quae
1353 3857 1399 3894 α·
1435 3838 1656 3913 Nempe
1688 3855 1779 3893 res
1822 3846 2017 3895 contra
2066 3830 2317 3894 Partho·

139 3916 431 3981 scribitur
447 3922 708 3977 confecto
741 3923 854 3979 iam
875 3922 1032 3978 bello
1059 3942 1196 3999 par·
1273 3920 1521 3979 feliciter
1554 3932 1743 3997 gestas
1776 3958 1793 3975 .

143 3999 357 4068 thien,
391 4003 578 4077 prima
609 4004 746 4062 libri
781 4018 867 4062 est
889 4048 906 4073 ‚
939 4006 1196 4081 sequitur
1360 4004 1394 4061 3
1449 4002 1644 4059 lnnuit
1691 4022 1826 4062 mox
1889 4002 2153 4061 futurum
2198 3996 2321 4062 Ve-

143 4096 216 4139 ut
283 4082 586 4161 plerasque
653 4102 786 4164 post
837 4088 901 4143 id
967 4100 1190 4169 tempus
1271 4088 1326 4148 ri
1361 4084 1755 4167 triumphum.

137 4164 400 4243 scriptas
433 4169 642 4227 merito
673 4184 972 4250 putemus.

2390 1760 2477 1805 Ex
2491 1750 2759 1802 codicem

2388 1822 2665 1876 diolaroenu‘
2674 1858 2697 1875 0
