<?xml version="1.0" encoding="UTF-8"?>
<!DOCTYPE html PUBLIC "-//W3C//DTD XHTML 1.0 Transitional//EN"
    "http://www.w3.org/TR/xhtml1/DTD/xhtml1-transitional.dtd">
<html xmlns="http://www.w3.org/1999/xhtml" xml:lang="en" lang="en">
 <head>
  <title>
</title>
<meta http-equiv="Content-Type" content="text/html;charset=utf-8" />
  <meta name='ocr-system' content='tesseract 3.04.00' />
  <meta name='ocr-capabilities' content='ocr_page ocr_carea ocr_par ocr_line ocrx_word'/>
</head>
<body>
  <div class='ocr_page' id='page_1' title='image "./mcorneliifronto00maigoog/mcorneliifronto00maigoog_0158.png"; bbox 0 0 3384 5134; ppageno 0'>
   <div class='ocr_carea' id='block_1_1' title="bbox 68 1659 72 2351">
    <p class='ocr_par' dir='ltr' id='par_1_1' title="bbox 68 1659 72 2351">
     <span class='ocr_line' id='line_1_1' title="bbox 68 1659 72 2351; baseline 0 0"><span class='ocrx_word' id='word_1_1' title='bbox 68 1659 72 2351; x_wconf 95' lang='lat' dir='ltr'><strong> </strong></span> 
     </span>
    </p>
   </div>
   <div class='ocr_carea' id='block_1_2' title="bbox 1102 431 3221 1028">
    <p class='ocr_par' dir='ltr' id='par_1_2' title="bbox 1114 431 2711 530">
     <span class='ocr_line' id='line_1_2' title="bbox 1114 431 2711 530; baseline -0.004 0"><span class='ocrx_word' id='word_1_2' title='bbox 1114 458 1255 530; x_wconf 81' lang='lat'><strong>108</strong></span> <span class='ocrx_word' id='word_1_3' title='bbox 1723 476 2012 525; x_wconf 59' lang='lat' dir='ltr'><strong>anm·</strong></span> <span class='ocrx_word' id='word_1_4' title='bbox 2073 459 2620 527; x_wconf 55' lang='lat' dir='ltr'><strong>cassanen(</strong></span> <span class='ocrx_word' id='word_1_5' title='bbox 2698 431 2711 441; x_wconf 59' lang='grc'><strong>’</strong></span> 
     </span>
    </p>

    <p class='ocr_par' dir='ltr' id='par_1_3' title="bbox 1102 568 3221 1028">
     <span class='ocr_line' id='line_1_3' title="bbox 1103 568 3221 675; baseline -0.003 -28"><span class='ocrx_word' id='word_1_6' title='bbox 1103 600 1273 647; x_wconf 86' lang='lat' dir='ltr'><strong>men</strong></span> <span class='ocrx_word' id='word_1_7' title='bbox 1294 572 1656 675; x_wconf 85' lang='lat' dir='ltr'><strong>pertenuis</strong></span> <span class='ocrx_word' id='word_1_8' title='bbox 1690 586 1766 645; x_wconf 85' lang='lat' dir='ltr'><strong>et</strong></span> <span class='ocrx_word' id='word_1_9' title='bbox 1794 572 2140 647; x_wconf 85' lang='lat' dir='ltr'><strong>tusiculae</strong></span> <span class='ocrx_word' id='word_1_10' title='bbox 2177 586 2210 623; x_wconf 74' lang='lat'>²</span> <span class='ocrx_word' id='word_1_11' title='bbox 2244 569 2574 645; x_wconf 86' lang='lat' dir='ltr'><strong>nonnihil</strong></span> <span class='ocrx_word' id='word_1_12' title='bbox 2611 583 2833 645; x_wconf 84' lang='lat' dir='ltr'><strong>restat</strong></span> <span class='ocrx_word' id='word_1_13' title='bbox 2855 624 2876 641; x_wconf 92' lang='lat'><strong>.</strong></span> <span class='ocrx_word' id='word_1_14' title='bbox 2911 568 3221 642; x_wconf 73' lang='lat' dir='ltr'><strong>Profecto</strong></span> 
     </span>
     <span class='ocr_line' id='line_1_4' title="bbox 1102 686 3220 795; baseline -0.006 -28"><span class='ocrx_word' id='word_1_15' title='bbox 1102 692 1444 793; x_wconf 71' lang='lat' dir='ltr'><strong>intellegis</strong></span> <span class='ocrx_word' id='word_1_16' title='bbox 1478 694 1568 768; x_wconf 84' lang='lat' dir='ltr'><strong>de</strong></span> <span class='ocrx_word' id='word_1_17' title='bbox 1620 694 1929 795; x_wconf 86' lang='lat' dir='ltr'><strong>paruola</strong></span> <span class='ocrx_word' id='word_1_18' title='bbox 1985 710 2232 770; x_wconf 85' lang='lat' dir='ltr'><strong>nostra</strong></span> <span class='ocrx_word' id='word_1_19' title='bbox 2291 693 2636 767; x_wconf 84' lang='lat' dir='ltr'><strong>Faustina</strong></span> <span class='ocrx_word' id='word_1_20' title='bbox 2671 704 2690 737; x_wconf 85' lang='lat'><em>¹</em></span> <span class='ocrx_word' id='word_1_21' title='bbox 2721 691 2898 764; x_wconf 85' lang='lat' dir='ltr'><strong>haec</strong></span> <span class='ocrx_word' id='word_1_22' title='bbox 2951 714 3060 761; x_wconf 89' lang='lat' dir='ltr'><strong>me</strong></span> <span class='ocrx_word' id='word_1_23' title='bbox 3107 686 3220 759; x_wconf 86' lang='lat' dir='ltr'><strong>tibi</strong></span> 
     </span>
     <span class='ocr_line' id='line_1_5' title="bbox 1102 808 3219 914; baseline -0.005 -27"><span class='ocrx_word' id='word_1_24' title='bbox 1102 812 1409 887; x_wconf 84' lang='lat' dir='ltr'><strong>scribere</strong></span> <span class='ocrx_word' id='word_1_25' title='bbox 1434 868 1458 902; x_wconf 84' lang='lat'>‚</span> <span class='ocrx_word' id='word_1_26' title='bbox 1510 840 1650 914; x_wconf 87' lang='lat' dir='ltr'><strong>pro</strong></span> <span class='ocrx_word' id='word_1_27' title='bbox 1680 840 1822 913; x_wconf 85' lang='lat' dir='ltr'><strong>qua</strong></span> <span class='ocrx_word' id='word_1_28' title='bbox 1857 812 2030 886; x_wconf 84' lang='lat' dir='ltr'><strong>satis</strong></span> <span class='ocrx_word' id='word_1_29' title='bbox 2061 814 2337 910; x_wconf 85' lang='lat' dir='ltr'><strong>egimus</strong></span> <span class='ocrx_word' id='word_1_30' title='bbox 2363 864 2382 882; x_wconf 90' lang='lat'><strong>.</strong></span> <span class='ocrx_word' id='word_1_31' title='bbox 2421 811 2588 883; x_wconf 89' lang='lat' dir='ltr'><strong>Tibi</strong></span> <span class='ocrx_word' id='word_1_32' title='bbox 2617 808 2954 883; x_wconf 85' lang='lat' dir='ltr'><strong>ualetudo</strong></span> <span class='ocrx_word' id='word_1_33' title='bbox 2991 834 3075 880; x_wconf 87' lang='lat' dir='ltr'><strong>an</strong></span> <span class='ocrx_word' id='word_1_34' title='bbox 3101 828 3219 907; x_wconf 88' lang='lat' dir='ltr'><strong>pro</strong></span> 
     </span>
     <span class='ocr_line' id='line_1_6' title="bbox 1104 926 3188 1028; baseline -0.008 -18"><span class='ocrx_word' id='word_1_35' title='bbox 1104 958 1268 1011; x_wconf 88' lang='lat' dir='ltr'><strong>meo</strong></span> <span class='ocrx_word' id='word_1_36' title='bbox 1302 947 1482 1007; x_wconf 84' lang='lat' dir='ltr'><strong>uoto</strong></span> <span class='ocrx_word' id='word_1_37' title='bbox 1514 960 1589 1007; x_wconf 86' lang='lat' dir='ltr'><strong>se</strong></span> <span class='ocrx_word' id='word_1_38' title='bbox 1623 932 2148 1007; x_wconf 83' lang='lat' dir='ltr'><strong>adcommodet</strong></span> <span class='ocrx_word' id='word_1_39' title='bbox 2171 988 2194 1028; x_wconf 86' lang='grc'><strong>.,</strong></span> <span class='ocrx_word' id='word_1_40' title='bbox 2225 933 2342 1005; x_wconf 86' lang='lat' dir='ltr'><strong>fac</strong></span> <span class='ocrx_word' id='word_1_41' title='bbox 2373 932 2604 1006; x_wconf 85' lang='lat' dir='ltr'><strong>sciam</strong></span> <span class='ocrx_word' id='word_1_42' title='bbox 2629 984 2654 1027; x_wconf 82' lang='lat'>‚</span> <span class='ocrx_word' id='word_1_43' title='bbox 2689 930 2796 1005; x_wconf 88' lang='lat' dir='ltr'><strong>mi</strong></span> <span class='ocrx_word' id='word_1_44' title='bbox 2827 926 3145 1024; x_wconf 84' lang='lat' dir='ltr'><strong>magister</strong></span> <span class='ocrx_word' id='word_1_45' title='bbox 3167 976 3188 992; x_wconf 87' lang='lat'><strong>.</strong></span> 
     </span>
    </p>
   </div>
   <div class='ocr_carea' id='block_1_3' title="bbox 1736 1197 2620 1251">
    <p class='ocr_par' dir='ltr' id='par_1_4' title="bbox 1736 1197 2620 1251">
     <span class='ocr_line' id='line_1_7' title="bbox 1736 1197 2620 1251; baseline -0.005 -2"><span class='ocrx_word' id='word_1_46' title='bbox 1736 1202 1888 1249; x_wconf 73' lang='lat'>111.</span> <span class='ocrx_word' id='word_1_47' title='bbox 1919 1200 2214 1251; x_wconf 71' lang='lat' dir='ltr'>FRONTO</span> <span class='ocrx_word' id='word_1_48' title='bbox 2257 1197 2562 1247; x_wconf 69' lang='lat' dir='ltr'><strong>cAtsAlu</strong></span> <span class='ocrx_word' id='word_1_49' title='bbox 2599 1226 2620 1243; x_wconf 70' lang='grc' dir='ltr'><strong>ο</strong></span> 
     </span>
    </p>
   </div>
   <div class='ocr_carea' id='block_1_4' title="bbox 1100 1403 3237 3077">
    <p class='ocr_par' dir='ltr' id='par_1_5' title="bbox 1100 1403 3237 3077">
     <span class='ocr_line' id='line_1_8' title="bbox 1316 1403 3228 1511; baseline -0.007 -23"><span class='ocrx_word' id='word_1_50' title='bbox 1316 1414 1443 1488; x_wconf 70' lang='lat' dir='ltr'><strong>Ua·</strong></span> <span class='ocrx_word' id='word_1_51' title='bbox 1480 1439 1613 1511; x_wconf 87' lang='lat' dir='ltr'><strong>ego</strong></span> <span class='ocrx_word' id='word_1_52' title='bbox 1638 1470 1661 1511; x_wconf 70' lang='lat'><strong>⁷</strong></span> <span class='ocrx_word' id='word_1_53' title='bbox 1701 1416 1778 1489; x_wconf 83' lang='lat' dir='ltr'><strong>di</strong></span> <span class='ocrx_word' id='word_1_54' title='bbox 1809 1416 1986 1489; x_wconf 89' lang='lat' dir='ltr'><strong>boni</strong></span> <span class='ocrx_word' id='word_1_55' title='bbox 2020 1472 2043 1511; x_wconf 77' lang='lat'><strong>‚</strong></span> <span class='ocrx_word' id='word_1_56' title='bbox 2101 1427 2604 1489; x_wconf 75' lang='lat' dir='ltr'><strong>consternatus</strong></span> <span class='ocrx_word' id='word_1_57' title='bbox 2637 1437 2800 1485; x_wconf 88' lang='lat' dir='ltr'><strong>sum</strong></span> <span class='ocrx_word' id='word_1_58' title='bbox 2833 1410 3019 1483; x_wconf 88' lang='lat' dir='ltr'><strong>lecto</strong></span> <span class='ocrx_word' id='word_1_59' title='bbox 3047 1403 3228 1479; x_wconf 85' lang='lat' dir='ltr'><strong>initio</strong></span> 
     </span>
     <span class='ocr_line' id='line_1_9' title="bbox 1108 1524 3232 1639; baseline -0.006 -33"><span class='ocrx_word' id='word_1_60' title='bbox 1108 1531 1453 1633; x_wconf 84' lang='lat' dir='ltr'><strong>epistulae</strong></span> <span class='ocrx_word' id='word_1_61' title='bbox 1499 1552 1659 1609; x_wconf 85' lang='lat' dir='ltr'><strong>tuae</strong></span> <span class='ocrx_word' id='word_1_62' title='bbox 1690 1540 1710 1609; x_wconf 88' lang='lat'>!</span> <span class='ocrx_word' id='word_1_63' title='bbox 1771 1535 1976 1637; x_wconf 91' lang='lat' dir='ltr'><strong>quod</strong></span> <span class='ocrx_word' id='word_1_64' title='bbox 2011 1537 2112 1610; x_wconf 87' lang='lat' dir='ltr'><strong>ita</strong></span> <span class='ocrx_word' id='word_1_65' title='bbox 2145 1538 2508 1639; x_wconf 86' lang='lat' dir='ltr'><strong>scriptum</strong></span> <span class='ocrx_word' id='word_1_66' title='bbox 2536 1536 2673 1609; x_wconf 84' lang='lat' dir='ltr'><strong>fuit</strong></span> <span class='ocrx_word' id='word_1_67' title='bbox 2697 1589 2720 1630; x_wconf 78' lang='lat'><strong>‚</strong></span> <span class='ocrx_word' id='word_1_68' title='bbox 2776 1547 2860 1605; x_wconf 87' lang='lat' dir='ltr'><strong>ut</strong></span> <span class='ocrx_word' id='word_1_69' title='bbox 2895 1544 3090 1603; x_wconf 86' lang='lat' dir='ltr'><strong>tuum</strong></span> <span class='ocrx_word' id='word_1_70' title='bbox 3123 1524 3232 1597; x_wconf 84' lang='lat' dir='ltr'><strong>ali-</strong></span> 
     </span>
     <span class='ocr_line' id='line_1_10' title="bbox 1110 1653 3232 1760; baseline -0.006 -31"><span class='ocrx_word' id='word_1_71' title='bbox 1110 1654 1310 1753; x_wconf 88' lang='lat' dir='ltr'>quod</span> <span class='ocrx_word' id='word_1_72' title='bbox 1372 1657 1804 1731; x_wconf 81' lang='lat' dir='ltr'><strong>ualetudinis</strong></span> <span class='ocrx_word' id='word_1_73' title='bbox 1858 1658 2268 1760; x_wconf 85' lang='lat' dir='ltr'><strong>periculum</strong></span> <span class='ocrx_word' id='word_1_74' title='bbox 2338 1656 2724 1757; x_wconf 85' lang='lat' dir='ltr'><strong>significari</strong></span> <span class='ocrx_word' id='word_1_75' title='bbox 2793 1653 3173 1754; x_wconf 87' lang='lat' dir='ltr'><strong>suspicarer</strong></span> <span class='ocrx_word' id='word_1_76' title='bbox 3215 1696 3232 1710; x_wconf 88' lang='lat'><strong>.</strong></span> 
     </span>
     <span class='ocr_line' id='line_1_11' title="bbox 1108 1770 3230 1878; baseline -0.004 -37"><span class='ocrx_word' id='word_1_77' title='bbox 1108 1771 1507 1873; x_wconf 84' lang='lat' dir='ltr'><strong>Postquam</strong></span> <span class='ocrx_word' id='word_1_78' title='bbox 1540 1774 1796 1849; x_wconf 83' lang='lat' dir='ltr'><strong>deinde</strong></span> <span class='ocrx_word' id='word_1_79' title='bbox 1835 1775 2000 1849; x_wconf 85' lang='lat' dir='ltr'><strong>illut</strong></span> <span class='ocrx_word' id='word_1_80' title='bbox 2033 1770 2070 1827; x_wconf 86' lang='lat' dir='ltr'>b</span> <span class='ocrx_word' id='word_1_81' title='bbox 2103 1775 2512 1878; x_wconf 86' lang='lat' dir='ltr'><strong>periculum</strong></span> <span class='ocrx_word' id='word_1_82' title='bbox 2539 1834 2562 1871; x_wconf 83' lang='lat'><strong>.,</strong></span> <span class='ocrx_word' id='word_1_83' title='bbox 2599 1772 2808 1875; x_wconf 88' lang='lat' dir='ltr'><strong>quod</strong></span> <span class='ocrx_word' id='word_1_84' title='bbox 2837 1770 3034 1875; x_wconf 85' lang='lat' dir='ltr'><strong>quasi</strong></span> <span class='ocrx_word' id='word_1_85' title='bbox 3053 1780 3230 1840; x_wconf 85' lang='lat' dir='ltr'><strong>tuum</strong></span> 
     </span>
     <span class='ocr_line' id='line_1_12' title="bbox 1102 1888 3229 1996; baseline -0.006 -28"><span class='ocrx_word' id='word_1_86' title='bbox 1102 1892 1468 1995; x_wconf 84' lang='lat' dir='ltr'><strong>principio</strong></span> <span class='ocrx_word' id='word_1_87' title='bbox 1484 1894 1887 1970; x_wconf 74' lang='lat' dir='ltr'><strong>litterarum</strong></span> <span class='ocrx_word' id='word_1_88' title='bbox 1911 1913 2200 1970; x_wconf 84' lang='lat' dir='ltr'><strong>tuarum</strong></span> <span class='ocrx_word' id='word_1_89' title='bbox 2226 1922 2678 1996; x_wconf 80' lang='lat' dir='ltr'><strong>acceperam,</strong></span> <span class='ocrx_word' id='word_1_90' title='bbox 2699 1894 2886 1967; x_wconf 87' lang='lat' dir='ltr'><strong>filiae</strong></span> <span class='ocrx_word' id='word_1_91' title='bbox 2905 1907 3051 1965; x_wconf 88' lang='lat' dir='ltr'><strong>tuae</strong></span> <span class='ocrx_word' id='word_1_92' title='bbox 3065 1888 3229 1961; x_wconf 85' lang='lat' dir='ltr'><strong>Fau-</strong></span> 
     </span>
     <span class='ocr_line' id='line_1_13' title="bbox 1107 2013 3230 2120; baseline -0.004 -37"><span class='ocrx_word' id='word_1_93' title='bbox 1107 2013 1331 2087; x_wconf 84' lang='lat' dir='ltr'><strong>stinae</strong></span> <span class='ocrx_word' id='word_1_94' title='bbox 1348 2016 1563 2091; x_wconf 85' lang='lat' dir='ltr'><strong>fuisse</strong></span> <span class='ocrx_word' id='word_1_95' title='bbox 1597 2019 1938 2120; x_wconf 83' lang='lat' dir='ltr'><strong>aperuisti</strong></span> <span class='ocrx_word' id='word_1_96' title='bbox 1969 2031 1999 2067; x_wconf 85' lang='lat' dir='ltr'><strong>c</strong></span> <span class='ocrx_word' id='word_1_97' title='bbox 2029 2075 2052 2114; x_wconf 77' lang='lat'><strong>‚</strong></span> <span class='ocrx_word' id='word_1_98' title='bbox 2089 2032 2444 2117; x_wconf 87' lang='lat' dir='ltr'><strong>quantum</strong></span> <span class='ocrx_word' id='word_1_99' title='bbox 2465 2017 2648 2090; x_wconf 88' lang='lat' dir='ltr'><strong>mihi</strong></span> <span class='ocrx_word' id='word_1_100' title='bbox 2677 2025 3118 2116; x_wconf 83' lang='lat' dir='ltr'><strong>permutatus</strong></span> <span class='ocrx_word' id='word_1_101' title='bbox 3145 2016 3230 2076; x_wconf 88' lang='lat' dir='ltr'><strong>est</strong></span> 
     </span>
     <span class='ocr_line' id='line_1_14' title="bbox 1102 2130 3230 2238; baseline -0.003 -32"><span class='ocrx_word' id='word_1_102' title='bbox 1102 2140 1375 2232; x_wconf 89' lang='lat' dir='ltr'><strong>pauor!</strong></span> <span class='ocrx_word' id='word_1_103' title='bbox 1406 2162 1537 2209; x_wconf 87' lang='lat' dir='ltr'><strong>nec</strong></span> <span class='ocrx_word' id='word_1_104' title='bbox 1565 2154 2018 2238; x_wconf 87' lang='lat' dir='ltr'><strong>permutatus</strong></span> <span class='ocrx_word' id='word_1_105' title='bbox 2043 2139 2303 2233; x_wconf 63' lang='lat' dir='ltr'><strong>moda,</strong></span> <span class='ocrx_word' id='word_1_106' title='bbox 2332 2164 2586 2213; x_wconf 86' lang='lat' dir='ltr'><strong>uerum</strong></span> <span class='ocrx_word' id='word_1_107' title='bbox 2607 2138 2835 2209; x_wconf 87' lang='lat' dir='ltr'><strong>etiam</strong></span> <span class='ocrx_word' id='word_1_108' title='bbox 2855 2130 3088 2207; x_wconf 84' lang='lat' dir='ltr'><strong>nescio</strong></span> <span class='ocrx_word' id='word_1_109' title='bbox 3109 2146 3230 2225; x_wconf 81' lang='lat' dir='ltr'><strong>quo</strong></span> 
     </span>
     <span class='ocr_line' id='line_1_15' title="bbox 1104 2239 3234 2351; baseline -0.002 -26"><span class='ocrx_word' id='word_1_110' title='bbox 1104 2268 1329 2351; x_wconf 89' lang='lat' dir='ltr'><strong>pacto</strong></span> <span class='ocrx_word' id='word_1_111' title='bbox 1368 2258 1695 2330; x_wconf 88' lang='lat' dir='ltr'><strong>nonnihil</strong></span> <span class='ocrx_word' id='word_1_112' title='bbox 1723 2262 2130 2335; x_wconf 84' lang='lat' dir='ltr'><strong>subleuatus</strong></span> <span class='ocrx_word' id='word_1_113' title='bbox 2152 2316 2168 2331; x_wconf 90' lang='lat'><strong>.</strong></span> <span class='ocrx_word' id='word_1_114' title='bbox 2224 2260 2443 2333; x_wconf 81' lang='lat' dir='ltr'><strong>Dicas</strong></span> <span class='ocrx_word' id='word_1_115' title='bbox 2469 2258 2645 2331; x_wconf 87' lang='lat' dir='ltr'><strong>licet</strong></span> <span class='ocrx_word' id='word_1_116' title='bbox 2669 2287 2692 2351; x_wconf 86' lang='grc'><strong>.·,</strong></span> <span class='ocrx_word' id='word_1_117' title='bbox 2719 2254 2954 2327; x_wconf 88' lang='lat' dir='ltr'><strong>leuius</strong></span> <span class='ocrx_word' id='word_1_118' title='bbox 3003 2274 3088 2323; x_wconf 84' lang='lat' dir='ltr'><strong>ne</strong></span> <span class='ocrx_word' id='word_1_119' title='bbox 3123 2239 3234 2315; x_wconf 75' lang='lat' dir='ltr'><strong>tibi</strong></span> 
     </span>
     <span class='ocr_line' id='line_1_16' title="bbox 1104 2364 3231 2480; baseline -0.004 -38"><span class='ocrx_word' id='word_1_120' title='bbox 1104 2373 1344 2448; x_wconf 88' lang='lat' dir='ltr'><strong>uisum</strong></span> <span class='ocrx_word' id='word_1_121' title='bbox 1367 2390 1474 2451; x_wconf 83' lang='lat' dir='ltr'><strong>est</strong></span> <span class='ocrx_word' id='word_1_122' title='bbox 1498 2376 1690 2451; x_wconf 85' lang='lat' dir='ltr'><strong>filiae</strong></span> <span class='ocrx_word' id='word_1_123' title='bbox 1727 2406 1926 2461; x_wconf 82' lang='lat' dir='ltr'><strong>meae</strong></span> <span class='ocrx_word' id='word_1_124' title='bbox 1950 2376 2359 2480; x_wconf 88' lang='lat' dir='ltr'><strong>periculum</strong></span> <span class='ocrx_word' id='word_1_125' title='bbox 2402 2402 2624 2477; x_wconf 81' lang='lat' dir='ltr'><strong>quam</strong></span> <span class='ocrx_word' id='word_1_126' title='bbox 2651 2398 2903 2447; x_wconf 85' lang='lat' dir='ltr'><strong>meum</strong></span> <span class='ocrx_word' id='word_1_127' title='bbox 2935 2364 2975 2444; x_wconf 68' lang='grc' dir='ltr'><strong>’.ἶ</strong></span> <span class='ocrx_word' id='word_1_128' title='bbox 3008 2365 3130 2439; x_wconf 87' lang='lat' dir='ltr'><strong>tihi</strong></span> <span class='ocrx_word' id='word_1_129' title='bbox 3163 2384 3231 2432; x_wconf 88' lang='lat' dir='ltr'><strong>ne</strong></span> 
     </span>
     <span class='ocr_line' id='line_1_17' title="bbox 1103 2482 3234 2599; baseline -0.002 -36"><span class='ocrx_word' id='word_1_130' title='bbox 1103 2490 1206 2565; x_wconf 85' lang='lat' dir='ltr'><strong>ita</strong></span> <span class='ocrx_word' id='word_1_131' title='bbox 1235 2496 1469 2569; x_wconf 88' lang='lat' dir='ltr'><strong>uisum</strong></span> <span class='ocrx_word' id='word_1_132' title='bbox 1499 2499 1624 2598; x_wconf 89' lang='lat' dir='ltr'><strong>qui</strong></span> <span class='ocrx_word' id='word_1_133' title='bbox 1660 2499 1974 2599; x_wconf 86' lang='lat' dir='ltr'><strong>praefers</strong></span> <span class='ocrx_word' id='word_1_134' title='bbox 2001 2498 2424 2588; x_wconf 72' lang='lat' dir='ltr'><strong>Faustinam</strong></span> <span class='ocrx_word' id='word_1_135' title='bbox 2459 2493 2541 2568; x_wconf 88' lang='lat' dir='ltr'><strong>id</strong></span> <span class='ocrx_word' id='word_1_136' title='bbox 2577 2495 2714 2568; x_wconf 89' lang='lat' dir='ltr'><strong>tibi</strong></span> <span class='ocrx_word' id='word_1_137' title='bbox 2749 2520 2904 2567; x_wconf 86' lang='lat' dir='ltr'><strong>esse</strong></span> <span class='ocrx_word' id='word_1_138' title='bbox 2926 2485 3120 2592; x_wconf 88' lang='lat' dir='ltr'><strong>quod</strong></span> <span class='ocrx_word' id='word_1_139' title='bbox 3143 2482 3234 2554; x_wconf 88' lang='lat' dir='ltr'><strong>lu-</strong></span> 
     </span>
     <span class='ocr_line' id='line_1_18' title="bbox 1102 2602 3226 2718; baseline 0.01 -35"><span class='ocrx_word' id='word_1_140' title='bbox 1102 2636 1265 2687; x_wconf 87' lang='lat' dir='ltr'><strong>cem</strong></span> <span class='ocrx_word' id='word_1_141' title='bbox 1290 2642 1647 2705; x_wconf 85' lang='lat' dir='ltr'><strong>serenam‚</strong></span> <span class='ocrx_word' id='word_1_142' title='bbox 1686 2619 1889 2718; x_wconf 87' lang='lat' dir='ltr'><strong>quod</strong></span> <span class='ocrx_word' id='word_1_143' title='bbox 1908 2620 2106 2693; x_wconf 88' lang='lat' dir='ltr'><strong>diem</strong></span> <span class='ocrx_word' id='word_1_144' title='bbox 2134 2620 2398 2693; x_wconf 86' lang='lat' dir='ltr'><strong>festum</strong></span> <span class='ocrx_word' id='word_1_145' title='bbox 2425 2672 2446 2713; x_wconf 79' lang='lat'>‚</span> <span class='ocrx_word' id='word_1_146' title='bbox 2485 2614 2692 2717; x_wconf 85' lang='lat' dir='ltr'><strong>quod</strong></span> <span class='ocrx_word' id='word_1_147' title='bbox 2712 2640 2924 2715; x_wconf 84' lang='lat' dir='ltr'><strong>spem</strong></span> <span class='ocrx_word' id='word_1_148' title='bbox 2949 2602 3226 2711; x_wconf 76' lang='lat' dir='ltr'><strong>propin·</strong></span> 
     </span>
     <span class='ocr_line' id='line_1_19' title="bbox 1100 2725 3230 2839; baseline -0.009 -29"><span class='ocrx_word' id='word_1_149' title='bbox 1100 2756 1365 2829; x_wconf 75' lang='lat' dir='ltr'><strong>quam,</strong></span> <span class='ocrx_word' id='word_1_150' title='bbox 1394 2737 1596 2836; x_wconf 87' lang='lat' dir='ltr'><strong>quod</strong></span> <span class='ocrx_word' id='word_1_151' title='bbox 1620 2754 1878 2811; x_wconf 86' lang='lat' dir='ltr'><strong>uotum</strong></span> <span class='ocrx_word' id='word_1_152' title='bbox 1915 2740 2388 2839; x_wconf 85' lang='lat' dir='ltr'><strong>impetratum</strong></span> <span class='ocrx_word' id='word_1_153' title='bbox 2417 2791 2438 2832; x_wconf 79' lang='lat'>‚</span> <span class='ocrx_word' id='word_1_154' title='bbox 2469 2734 2676 2835; x_wconf 88' lang='lat' dir='ltr'><strong>quod</strong></span> <span class='ocrx_word' id='word_1_155' title='bbox 2701 2732 3042 2830; x_wconf 80' lang='lat' dir='ltr'><strong>gaudium</strong></span> <span class='ocrx_word' id='word_1_156' title='bbox 3072 2725 3230 2795; x_wconf 84' lang='lat' dir='ltr'><strong>inte-</strong></span> 
     </span>
     <span class='ocr_line' id='line_1_20' title="bbox 1106 2836 3237 2957; baseline 0.002 -36"><span class='ocrx_word' id='word_1_157' title='bbox 1106 2874 1313 2945; x_wconf 86' lang='lat' dir='ltr'><strong>grum</strong></span> <span class='ocrx_word' id='word_1_158' title='bbox 1328 2848 1399 2949; x_wconf 76' lang='lat'><strong>*‚</strong></span> <span class='ocrx_word' id='word_1_159' title='bbox 1418 2856 1615 2955; x_wconf 86' lang='lat' dir='ltr'><strong>quod</strong></span> <span class='ocrx_word' id='word_1_160' title='bbox 1638 2855 1930 2931; x_wconf 85' lang='lat' dir='ltr'><strong>laudem</strong></span> <span class='ocrx_word' id='word_1_161' title='bbox 1955 2857 2274 2933; x_wconf 87' lang='lat' dir='ltr'><strong>nobilem</strong></span> <span class='ocrx_word' id='word_1_162' title='bbox 2295 2872 2510 2957; x_wconf 85' lang='lat' dir='ltr'><strong>atque</strong></span> <span class='ocrx_word' id='word_1_163' title='bbox 2534 2843 3024 2928; x_wconf 82' lang='lat' dir='ltr'><strong>incolumem?</strong></span> <span class='ocrx_word' id='word_1_164' title='bbox 3045 2836 3237 2940; x_wconf 82' lang='lat' dir='ltr'><strong>Equi-</strong></span> 
     </span>
     <span class='ocr_line' id='line_1_21' title="bbox 1106 2958 3234 3077; baseline -0.002 -35"><span class='ocrx_word' id='word_1_165' title='bbox 1106 2968 1273 3045; x_wconf 89' lang='lat' dir='ltr'><strong>dem</strong></span> <span class='ocrx_word' id='word_1_166' title='bbox 1310 3000 1442 3073; x_wconf 83' lang='lat' dir='ltr'><strong>ego</strong></span> <span class='ocrx_word' id='word_1_167' title='bbox 1480 2978 1639 3077; x_wconf 88' lang='lat' dir='ltr'><strong>quit</strong></span> <span class='ocrx_word' id='word_1_168' title='bbox 1674 2970 1712 3025; x_wconf 84' lang='lat' dir='ltr'>d</span> <span class='ocrx_word' id='word_1_169' title='bbox 1749 2977 1930 3049; x_wconf 86' lang='lat' dir='ltr'><strong>mihi</strong></span> <span class='ocrx_word' id='word_1_170' title='bbox 1976 2978 2232 3074; x_wconf 86' lang='lat' dir='ltr'><strong>legenti</strong></span> <span class='ocrx_word' id='word_1_171' title='bbox 2273 2974 2549 3049; x_wconf 84' lang='lat' dir='ltr'><strong>litteras</strong></span> <span class='ocrx_word' id='word_1_172' title='bbox 2605 2988 2762 3047; x_wconf 81' lang='lat' dir='ltr'><strong>tuas</strong></span> <span class='ocrx_word' id='word_1_173' title='bbox 2813 2958 3234 3046; x_wconf 71' lang='lat' dir='ltr'><strong>subuenerit,</strong></span> 
     </span>
    </p>
   </div>
   <div class='ocr_carea' id='block_1_5' title="bbox 1110 3110 3219 3139">
    <p class='ocr_par' dir='ltr' id='par_1_6' title="bbox 1110 3110 3219 3139">
     <span class='ocr_line' id='line_1_22' title="bbox 1110 3110 3219 3139; baseline 0 1995"><span class='ocrx_word' id='word_1_174' title='bbox 1110 3110 3219 3139; x_wconf 95' lang='lat' dir='ltr'><strong> </strong></span> 
     </span>
    </p>
   </div>
   <div class='ocr_carea' id='block_1_6' title="bbox 1111 3202 3233 3491">
    <p class='ocr_par' dir='ltr' id='par_1_7' title="bbox 1111 3202 3233 3491">
     <span class='ocr_line' id='line_1_23' title="bbox 1290 3202 3233 3309; baseline -0.004 -25"><span class='ocrx_word' id='word_1_175' title='bbox 1290 3218 1321 3249; x_wconf 74' lang='lat'><strong>⁴⁸</strong></span> <span class='ocrx_word' id='word_1_176' title='bbox 1369 3220 1471 3283; x_wconf 91' lang='lat' dir='ltr'><strong>M.</strong></span> <span class='ocrx_word' id='word_1_177' title='bbox 1526 3218 1724 3301; x_wconf 88' lang='lat' dir='ltr'><strong>Quod</strong></span> <span class='ocrx_word' id='word_1_178' title='bbox 1761 3234 2019 3282; x_wconf 81' lang='lat' dir='ltr'><strong>amatur</strong></span> <span class='ocrx_word' id='word_1_179' title='bbox 2055 3216 2184 3293; x_wconf 70' lang='lat' dir='ltr'><strong>hoc</strong></span> <span class='ocrx_word' id='word_1_180' title='bbox 2225 3236 2322 3285; x_wconf 89' lang='lat' dir='ltr'><strong>est</strong></span> <span class='ocrx_word' id='word_1_181' title='bbox 2373 3219 2552 3309; x_wconf 89' lang='lat' dir='ltr'><strong>quod</strong></span> <span class='ocrx_word' id='word_1_182' title='bbox 2601 3214 2720 3283; x_wconf 83' lang='lat' dir='ltr'><strong>lux</strong></span> <span class='ocrx_word' id='word_1_183' title='bbox 2765 3221 2998 3283; x_wconf 80' lang='lat' dir='ltr'><strong>sere&#39;na</strong></span> <span class='ocrx_word' id='word_1_184' title='bbox 3027 3258 3046 3293; x_wconf 80' lang='lat'>,</span> <span class='ocrx_word' id='word_1_185' title='bbox 3081 3202 3233 3296; x_wconf 60' lang='lat' dir='ltr'><strong>quofl</strong></span> 
     </span>
     <span class='ocr_line' id='line_1_24' title="bbox 1111 3308 3233 3401; baseline -0.006 -24"><span class='ocrx_word' id='word_1_186' title='bbox 1111 3312 1251 3377; x_wconf 88' lang='lat' dir='ltr'><strong>dies</strong></span> <span class='ocrx_word' id='word_1_187' title='bbox 1287 3308 1487 3374; x_wconf 82' lang='lat' dir='ltr'><strong>festus</strong></span> <span class='ocrx_word' id='word_1_188' title='bbox 1514 3354 1533 3385; x_wconf 88' lang='lat'>‚</span> <span class='ocrx_word' id='word_1_189' title='bbox 1585 3310 1768 3397; x_wconf 89' lang='lat' dir='ltr'><strong>quod</strong></span> <span class='ocrx_word' id='word_1_190' title='bbox 1805 3334 1949 3397; x_wconf 85' lang='lat' dir='ltr'><strong>spes</strong></span> <span class='ocrx_word' id='word_1_191' title='bbox 1992 3312 2367 3398; x_wconf 85' lang='lat' dir='ltr'><strong>propinqua</strong></span> <span class='ocrx_word' id='word_1_192' title='bbox 2393 3360 2414 3395; x_wconf 85' lang='lat'>‚</span> <span class='ocrx_word' id='word_1_193' title='bbox 2451 3310 2632 3401; x_wconf 87' lang='lat' dir='ltr'><strong>quod</strong></span> <span class='ocrx_word' id='word_1_194' title='bbox 2678 3324 2920 3375; x_wconf 87' lang='lat' dir='ltr'><strong>uotum</strong></span> <span class='ocrx_word' id='word_1_195' title='bbox 2953 3309 3233 3393; x_wconf 80' lang='lat' dir='ltr'><strong>impetra-</strong></span> 
     </span>
     <span class='ocr_line' id='line_1_25' title="bbox 1113 3402 2314 3491; baseline 0.001 -25"><span class='ocrx_word' id='word_1_196' title='bbox 1113 3418 1257 3468; x_wconf 85' lang='lat' dir='ltr'><strong>tum</strong></span> <span class='ocrx_word' id='word_1_197' title='bbox 1284 3448 1304 3481; x_wconf 86' lang='lat'>‚</span> <span class='ocrx_word' id='word_1_198' title='bbox 1342 3402 1526 3489; x_wconf 88' lang='lat' dir='ltr'><strong>quod</strong></span> <span class='ocrx_word' id='word_1_199' title='bbox 1562 3402 1882 3491; x_wconf 84' lang='lat' dir='ltr'><strong>gaudium</strong></span> <span class='ocrx_word' id='word_1_200' title='bbox 1931 3402 2268 3491; x_wconf 84' lang='lat' dir='ltr'><strong>integrum</strong></span> <span class='ocrx_word' id='word_1_201' title='bbox 2299 3452 2314 3467; x_wconf 88' lang='lat'><strong>.</strong></span> 
     </span>
    </p>
   </div>
   <div class='ocr_carea' id='block_1_7' title="bbox 1126 3520 3223 3553">
    <p class='ocr_par' dir='ltr' id='par_1_8' title="bbox 1126 3520 3223 3553">
     <span class='ocr_line' id='line_1_26' title="bbox 1126 3520 3223 3553; baseline 0 1581"><span class='ocrx_word' id='word_1_202' title='bbox 1126 3520 3223 3553; x_wconf 95' lang='lat' dir='ltr'><strong> </strong></span> 
     </span>
    </p>
   </div>
   <div class='ocr_carea' id='block_1_8' title="bbox 1112 3605 3240 3758">
    <p class='ocr_par' dir='ltr' id='par_1_9' title="bbox 1112 3605 3240 3758">
     <span class='ocr_line' id='line_1_27' title="bbox 1112 3605 3240 3689; baseline -0.003 -19"><span class='ocrx_word' id='word_1_203' title='bbox 1112 3639 1149 3670; x_wconf 80' lang='lat' dir='ltr'><strong><em>a</em></strong></span> <span class='ocrx_word' id='word_1_204' title='bbox 1185 3618 1261 3668; x_wconf 77' lang='lat' dir='ltr'><strong>Ita</strong></span> <span class='ocrx_word' id='word_1_205' title='bbox 1292 3614 1402 3666; x_wconf 86' lang='lat' dir='ltr'><strong>cod.</strong></span> <span class='ocrx_word' id='word_1_206' title='bbox 1432 3633 1548 3664; x_wconf 84' lang='lat' dir='ltr'><strong>cum</strong></span> <span class='ocrx_word' id='word_1_207' title='bbox 1590 3618 1730 3665; x_wconf 80' lang='lat' dir='ltr'><strong>unica</strong></span> <span class='ocrx_word' id='word_1_208' title='bbox 1753 3636 1801 3666; x_wconf 84' lang='lat' dir='ltr'><strong>s.</strong></span> <span class='ocrx_word' id='word_1_209' title='bbox 1873 3616 1902 3665; x_wconf 81' lang='lat' dir='ltr'><em>b</em></span> <span class='ocrx_word' id='word_1_210' title='bbox 1939 3618 2014 3666; x_wconf 80' lang='lat' dir='ltr'><strong>Ita</strong></span> <span class='ocrx_word' id='word_1_211' title='bbox 2038 3616 2146 3669; x_wconf 85' lang='lat' dir='ltr'><strong>cod.</strong></span> <span class='ocrx_word' id='word_1_212' title='bbox 2217 3636 2246 3667; x_wconf 90' lang='lat' dir='ltr'><strong>c</strong></span> <span class='ocrx_word' id='word_1_213' title='bbox 2287 3616 2410 3670; x_wconf 84' lang='lat' dir='ltr'><strong>Cod.</strong></span> <span class='ocrx_word' id='word_1_214' title='bbox 2453 3617 2726 3689; x_wconf 55' lang='lat' dir='ltr'><strong>appennis&amp;</strong></span> <span class='ocrx_word' id='word_1_215' title='bbox 2745 3633 2764 3675; x_wconf 90' lang='lat'>;</span> <span class='ocrx_word' id='word_1_216' title='bbox 2799 3614 2882 3667; x_wconf 69' lang='lat' dir='ltr'><strong>ted</strong></span> <span class='ocrx_word' id='word_1_217' title='bbox 2921 3616 3109 3681; x_wconf 75' lang='lat' dir='ltr'><strong>altenp</strong></span> <span class='ocrx_word' id='word_1_218' title='bbox 3131 3605 3240 3653; x_wconf 65' lang='lat' dir='ltr'><strong>dele·</strong></span> 
     </span>
     <span class='ocr_line' id='line_1_28' title="bbox 1114 3686 2980 3758; baseline -0.002 -17"><span class='ocrx_word' id='word_1_219' title='bbox 1114 3706 1164 3741; x_wconf 77' lang='lat' dir='ltr'><strong>ta</strong></span> <span class='ocrx_word' id='word_1_220' title='bbox 1204 3688 1432 3738; x_wconf 79' lang='lat' dir='ltr'><strong>uidetur.</strong></span> <span class='ocrx_word' id='word_1_221' title='bbox 1470 3690 1595 3737; x_wconf 74' lang='lat' dir='ltr'><strong>Sane</strong></span> <span class='ocrx_word' id='word_1_222' title='bbox 1628 3688 1746 3737; x_wconf 76' lang='lat' dir='ltr'><strong>alibi</strong></span> <span class='ocrx_word' id='word_1_223' title='bbox 1772 3686 1975 3758; x_wconf 70' lang='lat' dir='ltr'><strong>legimus</strong></span> <span class='ocrx_word' id='word_1_224' title='bbox 2010 3690 2230 3758; x_wconf 74' lang='lat' dir='ltr'><strong>repperio</strong></span> <span class='ocrx_word' id='word_1_225' title='bbox 2258 3726 2273 3740; x_wconf 93' lang='lat'><strong>.</strong></span> <span class='ocrx_word' id='word_1_226' title='bbox 2343 3688 2384 3737; x_wconf 78' lang='lat' dir='ltr'><strong>cl</strong></span> <span class='ocrx_word' id='word_1_227' title='bbox 2419 3690 2496 3738; x_wconf 72' lang='lat' dir='ltr'><strong>Ita</strong></span> <span class='ocrx_word' id='word_1_228' title='bbox 2541 3688 2652 3741; x_wconf 83' lang='lat' dir='ltr'><strong>cod.</strong></span> <span class='ocrx_word' id='word_1_229' title='bbox 2689 3704 2782 3755; x_wconf 87' lang='lat' dir='ltr'><strong>pro</strong></span> <span class='ocrx_word' id='word_1_230' title='bbox 2821 3687 2980 3758; x_wconf 75' lang='lat' dir='ltr'><strong>quid.</strong></span> 
     </span>
    </p>
   </div>
   <div class='ocr_carea' id='block_1_9' title="bbox 1110 3854 3239 4272">
    <p class='ocr_par' dir='ltr' id='par_1_10' title="bbox 1110 3854 3239 4272">
     <span class='ocr_line' id='line_1_29' title="bbox 1202 3854 3239 3937; baseline -0.006 -20"><span class='ocrx_word' id='word_1_231' title='bbox 1202 3882 1223 3917; x_wconf 83' lang='grc' dir='ltr'><strong>ι</strong></span> <span class='ocrx_word' id='word_1_232' title='bbox 1264 3858 1519 3917; x_wconf 85' lang='lat' dir='ltr'><strong>Domitia</strong></span> <span class='ocrx_word' id='word_1_233' title='bbox 1536 3858 1848 3931; x_wconf 79' lang='lat' dir='ltr'><strong>Faustina,</strong></span> <span class='ocrx_word' id='word_1_234' title='bbox 1885 3880 2030 3937; x_wconf 84' lang='lat' dir='ltr'><strong>quae</strong></span> <span class='ocrx_word' id='word_1_235' title='bbox 2064 3872 2149 3917; x_wconf 84' lang='lat' dir='ltr'><strong>te·-</strong></span> <span class='ocrx_word' id='word_1_236' title='bbox 2229 3873 2347 3917; x_wconf 84' lang='lat' dir='ltr'><strong>uet.</strong></span> <span class='ocrx_word' id='word_1_237' title='bbox 2395 3860 2488 3917; x_wconf 86' lang='lat' dir='ltr'><strong>ed.</strong></span> <span class='ocrx_word' id='word_1_238' title='bbox 2543 3880 2677 3916; x_wconf 90' lang='lat' dir='ltr'><strong>nou.</strong></span> <span class='ocrx_word' id='word_1_239' title='bbox 2711 3880 2774 3936; x_wconf 85' lang='lat' dir='ltr'><strong>p.</strong></span> <span class='ocrx_word' id='word_1_240' title='bbox 2817 3860 2969 3919; x_wconf 84' lang='lat'><strong>363:</strong></span> <span class='ocrx_word' id='word_1_241' title='bbox 3009 3854 3239 3915; x_wconf 71' lang='lat' dir='ltr'><strong>Domitia</strong></span> 
     </span>
     <span class='ocr_line' id='line_1_30' title="bbox 1110 3939 3238 4017; baseline -0.002 -17"><span class='ocrx_word' id='word_1_242' title='bbox 1110 3962 1251 4002; x_wconf 81' lang='lat' dir='ltr'><strong>nera</strong></span> <span class='ocrx_word' id='word_1_243' title='bbox 1285 3954 1505 4011; x_wconf 83' lang='lat' dir='ltr'><strong>aetate,</strong></span> <span class='ocrx_word' id='word_1_244' title='bbox 1541 3954 1709 4017; x_wconf 84' lang='lat' dir='ltr'><strong>patre</strong></span> <span class='ocrx_word' id='word_1_245' title='bbox 1733 3944 1992 3999; x_wconf 87' lang='lat' dir='ltr'><strong>nondum</strong></span> <span class='ocrx_word' id='word_1_246' title='bbox 2027 3944 2150 4000; x_wconf 80' lang='lat' dir='ltr'><strong>Au·</strong></span> <span class='ocrx_word' id='word_1_247' title='bbox 2231 3948 2554 4011; x_wconf 76' lang='lat' dir='ltr'><strong>Fauste&#39;na,</strong></span> <span class='ocrx_word' id='word_1_248' title='bbox 2577 3950 2659 4001; x_wconf 79' lang='lat' dir='ltr'><strong>M.</strong></span> <span class='ocrx_word' id='word_1_249' title='bbox 2699 3947 2950 4001; x_wconf 79' lang='lat' dir='ltr'><strong>Aurelii</strong></span> <span class='ocrx_word' id='word_1_250' title='bbox 2997 3939 3238 4001; x_wconf 76' lang='lat' dir='ltr'><strong>Caesaris</strong></span> 
     </span>
     <span class='ocr_line' id='line_1_31' title="bbox 1114 4022 3236 4103; baseline -0.003 -21"><span class='ocrx_word' id='word_1_251' title='bbox 1114 4040 1284 4101; x_wconf 81' lang='lat' dir='ltr'><strong>gusto</strong></span> <span class='ocrx_word' id='word_1_252' title='bbox 1318 4024 1527 4082; x_wconf 85' lang='lat' dir='ltr'><strong>obiisse</strong></span> <span class='ocrx_word' id='word_1_253' title='bbox 1562 4024 1800 4081; x_wconf 83' lang='lat' dir='ltr'><strong>uidetur</strong></span> <span class='ocrx_word' id='word_1_254' title='bbox 1825 4070 1839 4083; x_wconf 86' lang='lat'><strong>.</strong></span> <span class='ocrx_word' id='word_1_255' title='bbox 1879 4027 2016 4082; x_wconf 89' lang='lat' dir='ltr'><strong>Eius</strong></span> <span class='ocrx_word' id='word_1_256' title='bbox 2051 4024 2149 4080; x_wconf 88' lang='lat' dir='ltr'><strong>in-</strong></span> <span class='ocrx_word' id='word_1_257' title='bbox 2206 4030 2360 4100; x_wconf 81' lang='lat' dir='ltr'><strong>filia</strong></span> <span class='ocrx_word' id='word_1_258' title='bbox 2386 4067 2405 4095; x_wconf 86' lang='lat'>,</span> <span class='ocrx_word' id='word_1_259' title='bbox 2457 4032 2593 4103; x_wconf 76' lang='lat' dir='ltr'><strong>imp.</strong></span> <span class='ocrx_word' id='word_1_260' title='bbox 2651 4029 2947 4089; x_wconf 70' lang='lat' dir='ltr'><strong>Antonini</strong></span> <span class='ocrx_word' id='word_1_261' title='bbox 2977 4022 3236 4099; x_wconf 80' lang='lat' dir='ltr'><strong>Augusti,</strong></span> 
     </span>
     <span class='ocr_line' id='line_1_32' title="bbox 1112 4107 2688 4187; baseline 0.001 -23"><span class='ocrx_word' id='word_1_262' title='bbox 1112 4107 1489 4185; x_wconf 82' lang='lat' dir='ltr'><strong>scriptionem</strong></span> <span class='ocrx_word' id='word_1_263' title='bbox 1508 4108 1569 4163; x_wconf 86' lang='lat' dir='ltr'><strong>in</strong></span> <span class='ocrx_word' id='word_1_264' title='bbox 1595 4107 1916 4166; x_wconf 81' lang='lat' dir='ltr'><strong>Hadrianio</strong></span> <span class='ocrx_word' id='word_1_265' title='bbox 1951 4108 2152 4165; x_wconf 86' lang='lat' dir='ltr'><strong>inuen-</strong></span> <span class='ocrx_word' id='word_1_266' title='bbox 2215 4114 2389 4175; x_wconf 42' lang='lat' dir='ltr'><strong><em>,·PP·</em></strong></span> <span class='ocrx_word' id='word_1_267' title='bbox 2405 4150 2425 4180; x_wconf 86' lang='lat'>‚</span> <span class='ocrx_word' id='word_1_268' title='bbox 2459 4115 2652 4187; x_wconf 78' lang='lat' dir='ltr'><strong>neptis</strong></span> <span class='ocrx_word' id='word_1_269' title='bbox 2672 4151 2688 4166; x_wconf 90' lang='lat'><strong>.</strong></span> 
     </span>
     <span class='ocr_line' id='line_1_33' title="bbox 1114 4188 2148 4272; baseline -0.004 -20"><span class='ocrx_word' id='word_1_270' title='bbox 1114 4202 1232 4252; x_wconf 76' lang='lat' dir='ltr'><strong>tam</strong></span> <span class='ocrx_word' id='word_1_271' title='bbox 1254 4192 1483 4272; x_wconf 79' lang='lat' dir='ltr'><strong>profert</strong></span> <span class='ocrx_word' id='word_1_272' title='bbox 1502 4190 1882 4251; x_wconf 82' lang='lat' dir='ltr'><strong>Mabillonius</strong></span> <span class='ocrx_word' id='word_1_273' title='bbox 1903 4188 2148 4249; x_wconf 79' lang='lat' dir='ltr'><strong>analect.</strong></span> 
     </span>
    </p>
   </div>
  </div>
 </body>
</html>
