3384 5134
1103 448 1262 547 ⁹34
1886 474 1933 523 A
1962 476 2007 525 n
2098 474 2141 523 A
2170 474 2223 521 m
2254 472 2281 522 1
2310 474 2347 522 c
2378 473 2424 523 o
2448 474 2486 523 s

1093 568 1320 661 Quod
1356 583 1388 619 ⁸
1427 580 1502 641 tu
1559 563 1763 641 dicas
1790 622 1815 663 ‚
1869 568 2223 643 audistine
2254 596 2421 643 eum
2462 564 2994 641 declamantem
3018 561 3067 643 ἲ
3122 592 3273 641 non

1087 689 1372 765 medius
1415 688 1628 763 fidius
1661 688 1821 791 ipse
1856 688 2098 785 audiui
2124 744 2149 782 ‚
2204 687 2333 761 sed
2373 687 2651 761 credidi
2692 687 3271 762 adfirmantibus

1087 808 1166 883 id
1198 811 1640 885 doctissimis
1669 824 1743 885 et
1793 809 2319 885 honestissimis
2355 824 2429 882 et
2468 808 2648 881 mihi
2690 808 3099 883 carissimis
3146 812 3267 883 ui-

1085 930 1188 1005 ris
1239 980 1266 1025 ‚
1341 954 1528 1033 quos
1595 943 1668 1004 et
1722 930 2043 1004 iudicare
2108 942 2299 1004 recte
2369 955 2581 1029 posse
2632 986 2655 1025 ,
2732 943 2805 1003 et
2860 956 2955 1003 ex
3028 920 3265 1001 animi

1089 1050 1438 1131 sententia
1499 1052 1995 1125 testimonium
2052 1048 2429 1149 perhibere
2456 1105 2479 1145 ‚
2536 1062 2739 1121 certo
2790 1048 2946 1123 scio
2996 1103 3017 1120 .
3098 1051 3271 1123 Ue-

1093 1170 1232 1245 lim
1255 1224 1282 1265 ,
1337 1170 1631 1247 domine
1660 1222 1684 1266 9
1740 1188 1823 1246 ut
1854 1174 2149 1247 adiuues
2180 1198 2349 1245 eum
2378 1228 2403 1266 ‚
2460 1199 2607 1272 quo
2644 1168 2925 1245 facilius
2962 1170 3041 1242 in
3080 1171 3271 1243 ciui-

1088 1302 1238 1361 tate
1265 1287 1502 1388 aliqua
1551 1290 1759 1365 istius
1788 1292 2206 1392 prouinciae
2243 1289 2539 1393 publice
2590 1288 3045 1363 instituendis
3078 1290 3267 1361 adu-

1085 1405 1520 1481 lescentibus
1577 1408 2020 1527 adsciscaitur
2056 1466 2077 1482 .
2160 1412 2503 1511 Impense
2550 1409 2749 1483 istud
2791 1436 2833 1484 a
2886 1424 2959 1483 te
3017 1422 3203 1509 peto
3234 1442 3259 1479 ι

1089 1527 1370 1627 fautum
1401 1520 1438 1579 ¹³
1473 1528 1670 1603 enim
1724 1531 2027 1633 Aquilae
2084 1530 2261 1607 uolo
2328 1532 2631 1605 honoris
2684 1557 2941 1607 eorum
2980 1556 3259 1621 causa,

1079 1648 1212 1747 qui
1255 1674 1393 1749 pro
1447 1676 1536 1725 eo
1587 1651 1911 1727 studiose
1961 1650 2301 1727 laborant
2338 1684 2357 1723 ε
2416 1678 2547 1726 nec
2590 1652 2691 1727 ita
2756 1652 2822 1727 ei
2886 1647 3267 1725 studerent

1083 1766 1419 1865 profecto
1449 1826 1472 1866 ‚
1531 1772 1669 1847 nisi
1708 1786 1741 1821 ⁰
1788 1774 2090 1872 dignum
2142 1789 2340 1851 tanto
2382 1772 2624 1852 studio
2674 1773 3257 1861 arbitrarentur-3

1081 1909 1219 1959 nec
1244 1943 1268 1984 .‚
1321 1890 1460 1963 nisi
1487 1890 1901 1967 facundiam
1937 1896 2091 1969 eius
2132 1920 2561 1995 magnopere
2595 1894 2991 1994 probarent
3018 1948 3041 1983 ‚
3104 1891 3255 1965 tibi

1081 2030 1254 2081 eum
1311 2012 1825 2087 commendare
1874 2026 2253 2115 tantopere
2329 2012 2828 2115 postularent,
2886 2037 3123 2112 quom
3180 2026 3249 2083 te

1073 2129 1592 2223 grauissimum
1645 2149 1721 2208 et
1750 2134 2401 2235 prudentissimum
2434 2133 2753 2208 iudicem
2786 2147 2805 2181 ¹
2836 2158 3008 2207 cum
3062 2130 3249 2202 alia-

1081 2270 1248 2323 rum
1300 2274 1540 2329 rerum
1569 2310 1594 2348 ,
1651 2268 1809 2327 tum
1868 2255 1983 2329 uel
2034 2258 2419 2358 praecipue
2454 2256 2903 2357 eloquentiae
2950 2250 3244 2325 sciant.

1080 2366 1244 2467 Ego
1279 2399 1448 2451 uero
1481 2374 1701 2449 etiam
1730 2378 2023 2451 nomine
2058 2378 2377 2453 hominis
2416 2378 2623 2453 faueo
2651 2372 2696 2415 *
2732 2434 2756 2472 ‚
2812 2390 2895 2449 ut
2944 2375 3041 2447 sit
3076 2378 3251 2475 ῥηί·

1079 2514 1196 2582 ρον
1223 2494 1512 2590 ἄριστος,
1568 2494 1913 2597 quoniam
1944 2495 2243 2598 quidem
2276 2494 2545 2598 Aquila
2576 2494 2985 2599 appellatur
3008 2546 3029 2565 .

1359 2754 1482 2807 xi.
1570 2746 1866 2813 rn'omo
1926 2762 2279 2815 passu-mo
2334 2764 2527 2815 auro
2578 2761 2973 2813 suu-ran.

1287 2978 1674 3055 Anmmus
1730 2984 1900 3058 Pius
1944 3008 2115 3059 cum
2153 2983 2571 3060 ‘studiorum
2614 2980 2957 3081 elegantia
2989 3036 3013 3074 ‚
3088 2992 3245 3051 tum

1077 3114 1372 3171 morum
1407 3102 1670 3177 eximia
1698 3104 2063 3204 probitate
2100 3107 2281 3180 mihi
2312 3130 2522 3181 carus
2554 3120 2665 3179 est
2692 3160 2711 3175 .
2764 3098 3237 3177 Commendo

1095 3234 1262 3287 eum
1292 3216 1422 3292 tibi
1454 3276 1477 3315 .,
1519 3222 1740 3298 frater
1769 3282 1788 3298 .
1845 3226 1913 3298 N
1916 3251 1999 3299 ec
2050 3226 2307 3325 ignoro
2350 3226 2631 3300 nullum
2660 3223 2850 3299 aduc
2884 3223 3081 3295 inter
3112 3242 3241 3291 nos

1199 3442 1232 3473 ⁴*
1279 3440 1379 3507 M.
1425 3441 1650 3507 Faueo
1687 3440 1805 3507 illa
1840 3466 1915 3509 re
1944 3492 1961 3509 .

1142 3680 1180 3712 a
1223 3662 1298 3711 Ite
1335 3660 1444 3709 cod.
1485 3678 1576 3729 pro
1612 3660 1745 3728 quod
1792 3665 1837 3713 εἰ
1856 3701 1868 3713 .
1941 3662 1971 3715 b
2025 3662 2149 3715 cod.
2184 3662 2445 3717 uidebatur
2473 3658 2719 3735 [αι-ωας
2750 3666 2835 3717 ted
2880 3682 3047 3719 tamen
3084 3690 3239 3721 mce—

1075 3734 1188 3817 bnli
1229 3734 1280 3782 in
1315 3732 1503 3782 schedis
1546 3732 1688 3784 dubii
1744 3737 1929 3804 recipio
1974 3736 2357 3789 emendationem
2400 3736 2465 3786 Η.
2534 3754 2565 3787 c
2598 3738 2722 3789 cod.
2762 3738 3021 3789 merent
3056 3760 3241 3811 prote-

1079 3805 1257 3858 monis
1323 3802 1598 3873 dignum,

1075 3968 1332 4045 scipulns
1361 3969 1589 4029 Chresti
1612 4015 1630 4042 ,
1675 3970 1876 4033 rhetor
1894 3976 2107 4052 proha-
2183 3978 2359 4037 2026.
2402 3976 2659 4053 Aquilae
2694 3982 2917 4037 romani
2950 3980 3231 4043 habemns

1075 4051 1330 4109 tissimus
1375 4054 1535 4131 apud
1585 4055 2001 4117 Philoni-atum
2042 4060 2101 4116 in
2183 4058 2451 4119 libellum
2496 4062 2825 4137 defige-teris
2866 4078 2979 4121 etc.

1073 4131 1322 4189 Chresto
1345 4174 1358 4187 .
1405 4137 1678 4213 Aquilam
1711 4154 1995 4199 oratorem
2026 4142 2103 4202 ci-
2275 4164 2297 4201 1
2350 4144 2567 4205 Recole
2600 4146 2679 4205 ad
2720 4150 2818 4205 .Π.
2864 4152 3029 4207 Caoe.
3068 4152 3183 4209 nn
3206 4189 3223 4206 .

1055 4222 1160 4272 ..tat
1209 4218 1555 4281 Consentius
1609 4222 1705 4281 ed.
1758 4224 1991 4285 putsch.
2040 4246 2104 4306 p.
2180 4226 2267 4289 .13
2288 4268 2307 4284 .
